@inproceedings{Khalek:2011:TTT:2190078.2190145,
  author = {Khalek, Shadi Abdul and Guowei Yang and Lingming Zhang and Marinov, Darko and Khurshid, Sarfraz},
  title = {TestEra: A Tool for Testing Java Programs Using Alloy Specifications},
  booktitle = {Proceedings of the 2011 26th IEEE/ACM International Conference on Automated Software Engineering},
  series = {ASE '11},
  year = {2011},
  isbn = {978-1-4577-1638-6},
  pages = {608--611},
  numpages = {4},
  url = {http://dx.doi.org/10.1109/ASE.2011.6100137},
  doi = {10.1109/ASE.2011.6100137},
  acmid = {2190145},
  publisher = {IEEE Computer Society},
  address = {Washington, DC, USA},
  review={apresenta o software, mostra os componentes core do software e sua arquitetura, enumera estudos avaliando o software},
  really_refers_to_software={yes},
  mention_type={cite},
}

@inproceedings{Boyapati:2012:ASI:2393596.2407117,
  author = {Boyapati, Chandrasekhar and Khurshid, Sarfraz and Marinov, Darko},
  title = {ACM SIGSOFT Impact Paper Award 2012: Systematic Software Testing: The Korat Approach},
  booktitle = {Proceedings of the ACM SIGSOFT 20th International Symposium on the Foundations of Software Engineering},
  series = {FSE '12},
  year = {2012},
  isbn = {978-1-4503-1614-9},
  location = {Cary, North Carolina},
  articleno = {3},
  url = {http://doi.acm.org/10.1145/2393596.2407117},
  doi = {10.1145/2393596.2407117},
  acmid = {2407117},
  publisher = {ACM},
  address = {New York, NY, USA},
  review={cita o software como a primeira técnica baseada em especificação para 'bounded-exhaustive testing of object-oriented programs' publicado no ASE 2001},
  really_refers_to_software={yes},
  mention_type={cite},
}

@inproceedings{2012:ASI:2339530.2407117,
  title = {ACM SIGSOFT Impact Paper Award 2012: Systematic Software Testing: The Korat Approach},
  booktitle = {Proceedings of the 18th ACM SIGKDD international conference on Knowledge discovery and data mining},
  series = {KDD '12},
  year = {2012},
  isbn = {978-1-4503-1462-6},
  location = {Beijing, China},
  pages = {--},
  url = {http://doi.acm.org/10.1145/2339530.2407117},
  doi = {10.1145/2339530.2407117},
  acmid = {2407117},
  publisher = {ACM},
  address = {New York, NY, USA},
  key = {{$\!\!$}},
  review={resultado de busca duplicado},
  really_refers_to_software={no},
}

@inproceedings{Shao:2007:WWT:1512762.1512764,
  author = {Shao, Danhua and Khurshid, Sarfraz and Perry, Dewayne E.},
  title = {Whispec: White-box Testing of Libraries Using Declarative Specifications},
  booktitle = {Proceedings of the 2007 Symposium on Library-Centric Software Design},
  series = {LCSD '07},
  year = {2007},
  isbn = {978-1-60558-086-9},
  location = {Montreal, Canada},
  pages = {11--20},
  numpages = {10},
  url = {http://doi.acm.org/10.1145/1512762.1512764},
  doi = {10.1145/1512762.1512764},
  acmid = {1512764},
  publisher = {ACM},
  address = {New York, NY, USA},
  keywords = {contracts, first-order logic, software testing, symbolic execution},
  review={propoe um framework Whispec construido em cima do TestEra, avalia os dois softwares},
  really_refers_to_software={yes},
  mention_type={use},
}

@proceedings{Tracz:2012:2393596,
  title = {FSE '12: Proceedings of the ACM SIGSOFT 20th International Symposium on the Foundations of Software Engineering},
  year = {2012},
  isbn = {978-1-4503-1614-9},
  location = {Cary, North Carolina},
  publisher = {ACM},
  address = {New York, NY, USA},
  review={artigo não encontrado},
  really_refers_to_software={no},
}

@article{Sullivan:2004:SAB:1013886.1007531,
  author = {Sullivan, Kevin and Yang, Jinlin and Coppit, David and Khurshid, Sarfraz and Jackson, Daniel},
  title = {Software Assurance by Bounded Exhaustive Testing},
  journal = {SIGSOFT Softw. Eng. Notes},
  issue_date = {July 2004},
  volume = {29},
  number = {4},
  month = jul,
  year = {2004},
  issn = {0163-5948},
  pages = {133--142},
  numpages = {10},
  url = {http://doi.acm.org/10.1145/1013886.1007531},
  doi = {10.1145/1013886.1007531},
  acmid = {1007531},
  publisher = {ACM},
  address = {New York, NY, USA},
  keywords = {TestEra, automated test case generation, bounded exhaustive testing, formal methods, reverse engineering, specification-based testing},
  review={usa e avalia o software contra outra ferramenta},
  really_refers_to_software={yes},
  mention_type={use},
}

@inproceedings{Sullivan:2004:SAB:1007512.1007531,
  author = {Sullivan, Kevin and Yang, Jinlin and Coppit, David and Khurshid, Sarfraz and Jackson, Daniel},
  title = {Software Assurance by Bounded Exhaustive Testing},
  booktitle = {Proceedings of the 2004 ACM SIGSOFT International Symposium on Software Testing and Analysis},
  series = {ISSTA '04},
  year = {2004},
  isbn = {1-58113-820-2},
  location = {Boston, Massachusetts, USA},
  pages = {133--142},
  numpages = {10},
  url = {http://doi.acm.org/10.1145/1007512.1007531},
  doi = {10.1145/1007512.1007531},
  acmid = {1007531},
  publisher = {ACM},
  address = {New York, NY, USA},
  keywords = {TestEra, automated test case generation, bounded exhaustive testing, formal methods, reverse engineering, specification-based testing},
  review={resultado de busca duplicado},
  really_refers_to_software={no},
}

@inproceedings{Elkarablieh:2007:EGS:2394758.2394777,
  author = {Elkarablieh, Bassem and Zayour, Yehia and Khurshid, Sarfraz},
  title = {Efficiently Generating Structurally Complex Inputs with Thousands of Objects},
  booktitle = {Proceedings of the 21st European Conference on Object-Oriented Programming},
  series = {ECOOP'07},
  year = {2007},
  isbn = {3-540-73588-7, 978-3-540-73588-5},
  location = {Berlin, Germany},
  pages = {248--272},
  numpages = {25},
  url = {http://dl.acm.org/citation.cfm?id=2394758.2394777},
  acmid = {2394777},
  publisher = {Springer-Verlag},
  address = {Berlin, Heidelberg},
  keywords = {constraint-based generation, data structure repair, integer constraint solving, software testing},
  review={usa o software num experimento, compara os resultados com o mesmo experimento com outro software},
  really_refers_to_software={yes},
  mention_type={use},
}

@article{Khurshid:2005:GSE:1108768.1108817,
  author = {Khurshid, Sarfraz and Suen, Yuk Lai},
  title = {Generalizing Symbolic Execution to Library Classes},
  journal = {SIGSOFT Softw. Eng. Notes},
  issue_date = {January 2006},
  volume = {31},
  number = {1},
  month = sep,
  year = {2005},
  issn = {0163-5948},
  pages = {103--110},
  numpages = {8},
  url = {http://doi.acm.org/10.1145/1108768.1108817},
  doi = {10.1145/1108768.1108817},
  acmid = {1108817},
  publisher = {ACM},
  address = {New York, NY, USA},
  keywords = {korat, model checking, symbolic execution, test input generation},
  review={usou o software em trabalho anterior},
  really_refers_to_software={yes},
  mention_type={cite},
}

@inproceedings{Khurshid:2005:GSE:1108792.1108817,
  author = {Khurshid, Sarfraz and Suen, Yuk Lai},
  title = {Generalizing Symbolic Execution to Library Classes},
  booktitle = {Proceedings of the 6th ACM SIGPLAN-SIGSOFT Workshop on Program Analysis for Software Tools and Engineering},
  series = {PASTE '05},
  year = {2005},
  isbn = {1-59593-239-9},
  location = {Lisbon, Portugal},
  pages = {103--110},
  numpages = {8},
  url = {http://doi.acm.org/10.1145/1108792.1108817},
  doi = {10.1145/1108792.1108817},
  acmid = {1108817},
  publisher = {ACM},
  address = {New York, NY, USA},
  keywords = {korat, model checking, symbolic execution, test input generation},
  review={resultado de busca duplicado},
  really_refers_to_software={no},
}

@article{Boyapati:2002:KAT:566171.566191,
  author = {Boyapati, Chandrasekhar and Khurshid, Sarfraz and Marinov, Darko},
  title = {Korat: Automated Testing Based on Java Predicates},
  journal = {SIGSOFT Softw. Eng. Notes},
  issue_date = {July 2002},
  volume = {27},
  number = {4},
  month = jul,
  year = {2002},
  issn = {0163-5948},
  pages = {123--133},
  numpages = {11},
  url = {http://doi.acm.org/10.1145/566171.566191},
  doi = {10.1145/566171.566191},
  acmid = {566191},
  publisher = {ACM},
  address = {New York, NY, USA},
  review={cita o software como exemplo},
  really_refers_to_software={yes},
  mention_type={cite},
}

@inproceedings{Boyapati:2002:KAT:566172.566191,
  author = {Boyapati, Chandrasekhar and Khurshid, Sarfraz and Marinov, Darko},
  title = {Korat: Automated Testing Based on Java Predicates},
  booktitle = {Proceedings of the 2002 ACM SIGSOFT International Symposium on Software Testing and Analysis},
  series = {ISSTA '02},
  year = {2002},
  isbn = {1-58113-562-9},
  location = {Roma, Italy},
  pages = {123--133},
  numpages = {11},
  url = {http://doi.acm.org/10.1145/566172.566191},
  doi = {10.1145/566172.566191},
  acmid = {566191},
  publisher = {ACM},
  address = {New York, NY, USA},
  review={resultado de busca duplicado},
  really_refers_to_software={no},
}

@inproceedings{Dini:2017:OPK:3092282.3092293,
  author = {Dini, Nima and Yelen, Cagdas and Khurshid, Sarfraz},
  title = {Optimizing Parallel Korat Using Invalid Ranges},
  booktitle = {Proceedings of the 24th ACM SIGSOFT International SPIN Symposium on Model Checking of Software},
  series = {SPIN 2017},
  year = {2017},
  isbn = {978-1-4503-5077-8},
  location = {Santa Barbara, CA, USA},
  pages = {182--191},
  numpages = {10},
  url = {http://doi.acm.org/10.1145/3092282.3092293},
  doi = {10.1145/3092282.3092293},
  acmid = {3092293},
  publisher = {ACM},
  address = {New York, NY, USA},
  keywords = {Constraint-based testing, Korat, Parallel search, Test input generation},
  review={cita o artigo selecionado na revisão estruturada},
  really_refers_to_software={no},
}

@article{Visser:2004:TIG:1013886.1007526,
  author = {Visser, Willem and P\v{a}s\v{a}reanu, Corina S. and Khurshid, Sarfraz},
  title = {Test Input Generation with Java PathFinder},
  journal = {SIGSOFT Softw. Eng. Notes},
  issue_date = {July 2004},
  volume = {29},
  number = {4},
  month = jul,
  year = {2004},
  issn = {0163-5948},
  pages = {97--107},
  numpages = {11},
  url = {http://doi.acm.org/10.1145/1013886.1007526},
  doi = {10.1145/1013886.1007526},
  acmid = {1007526},
  publisher = {ACM},
  address = {New York, NY, USA},
  keywords = {coverage, model checking, red-black trees, symbolic execution, testing object-oriented programs},
  review={cita o software como trabalho relacionado},
  really_refers_to_software={yes},
  mention_type={cite},
}

@inproceedings{Visser:2004:TIG:1007512.1007526,
  author = {Visser, Willem and P\v{a}s\v{a}reanu, Corina S. and Khurshid, Sarfraz},
  title = {Test Input Generation with Java PathFinder},
  booktitle = {Proceedings of the 2004 ACM SIGSOFT International Symposium on Software Testing and Analysis},
  series = {ISSTA '04},
  year = {2004},
  isbn = {1-58113-820-2},
  location = {Boston, Massachusetts, USA},
  pages = {97--107},
  numpages = {11},
  url = {http://doi.acm.org/10.1145/1007512.1007526},
  doi = {10.1145/1007512.1007526},
  acmid = {1007526},
  publisher = {ACM},
  address = {New York, NY, USA},
  keywords = {coverage, model checking, red-black trees, symbolic execution, testing object-oriented programs},
  review={resultado de busca duplicado},
  really_refers_to_software={no},
}

@inproceedings{Khalek:2011:MCT:2190078.2190122,
  author = {Khalek, Shadi Abdul and Narayanan, Vidya Priyadarshini and Khurshid, Sarfraz},
  title = {Mixed Constraints for Test Input Generation - An Initial Exploration},
  booktitle = {Proceedings of the 2011 26th IEEE/ACM International Conference on Automated Software Engineering},
  series = {ASE '11},
  year = {2011},
  isbn = {978-1-4577-1638-6},
  pages = {548--551},
  numpages = {4},
  url = {http://dx.doi.org/10.1109/ASE.2011.6100122},
  doi = {10.1109/ASE.2011.6100122},
  acmid = {2190122},
  publisher = {IEEE Computer Society},
  address = {Washington, DC, USA},
  review={cita o artigo selecionado na revisão estruturada},
  really_refers_to_software={no},
}

@inproceedings{Misailovic:2007:PTG:1287624.1287645,
  author = {Misailovic, Sasa and Milicevic, Aleksandar and Petrovic, Nemanja and Khurshid, Sarfraz and Marinov, Darko},
  title = {Parallel Test Generation and Execution with Korat},
  booktitle = {Proceedings of the the 6th Joint Meeting of the European Software Engineering Conference and the ACM SIGSOFT Symposium on The Foundations of Software Engineering},
  series = {ESEC-FSE '07},
  year = {2007},
  isbn = {978-1-59593-811-4},
  location = {Dubrovnik, Croatia},
  pages = {135--144},
  numpages = {10},
  url = {http://doi.acm.org/10.1145/1287624.1287645},
  doi = {10.1145/1287624.1287645},
  acmid = {1287645},
  publisher = {ACM},
  address = {New York, NY, USA},
  keywords = {Korat, bounded-exhaustive testing, parallel testing, test data generation},
  review={mesmo autor do software, cita como trabalho anterior},
  really_refers_to_software={yes},
  mention_type={cite},
}

@inproceedings{Rayside:2009:AS:1639950.1640070,
  author = {Rayside, Derek and Milicevic, Aleksandar and Yessenov, Kuat and Dennis, Greg and Jackson, Daniel},
  title = {Agile Specifications},
  booktitle = {Proceedings of the 24th ACM SIGPLAN Conference Companion on Object Oriented Programming Systems Languages and Applications},
  series = {OOPSLA '09},
  year = {2009},
  isbn = {978-1-60558-768-4},
  location = {Orlando, Florida, USA},
  pages = {999--1006},
  numpages = {8},
  url = {http://doi.acm.org/10.1145/1639950.1640070},
  doi = {10.1145/1639950.1640070},
  acmid = {1640070},
  publisher = {ACM},
  address = {New York, NY, USA},
  keywords = {agile methods, formal methods, refinement calculus, specification statement, test-driven development},
  review={cita o software como exemplo},
  really_refers_to_software={yes},
  mention_type={cite},
}

@inproceedings{Gligoric:2010:TGT:1806799.1806835,
  author = {Gligoric, Milos and Gvero, Tihomir and Jagannath, Vilas and Khurshid, Sarfraz and Kuncak, Viktor and Marinov, Darko},
  title = {Test Generation Through Programming in UDITA},
  booktitle = {Proceedings of the 32Nd ACM/IEEE International Conference on Software Engineering - Volume 1},
  series = {ICSE '10},
  year = {2010},
  isbn = {978-1-60558-719-6},
  location = {Cape Town, South Africa},
  pages = {225--234},
  numpages = {10},
  url = {http://doi.acm.org/10.1145/1806799.1806835},
  doi = {10.1145/1806799.1806835},
  acmid = {1806835},
  publisher = {ACM},
  address = {New York, NY, USA},
  keywords = {Java PathFinder, Pex, UDITA, automated testing, test filtering, test generation, test predicates, test programs},
  review={cita o software como exemplo},
  really_refers_to_software={yes},
  mention_type={cite},
}

@inproceedings{Zhong:2016:CGS:2950290.2983959,
  author = {Zhong, Hua and Zhang, Lingming and Khurshid, Sarfraz},
  title = {Combinatorial Generation of Structurally Complex Test Inputs for Commercial Software Applications},
  booktitle = {Proceedings of the 2016 24th ACM SIGSOFT International Symposium on Foundations of Software Engineering},
  series = {FSE 2016},
  year = {2016},
  isbn = {978-1-4503-4218-6},
  location = {Seattle, WA, USA},
  pages = {981--986},
  numpages = {6},
  url = {http://doi.acm.org/10.1145/2950290.2983959},
  doi = {10.1145/2950290.2983959},
  acmid = {2983959},
  publisher = {ACM},
  address = {New York, NY, USA},
  keywords = {ACTS, Combinatorial test generation, Constraint-based test generation, Korat},
  review={cita o artigo selecionado na revisão estruturada},
  really_refers_to_software={no},
}

@inproceedings{Ganov:2011:CAA:2190078.2190101,
  author = {Ganov, Svetoslav and Khurshid, Sarfraz and Perry, Dewayne E.},
  title = {A Case for Alloy Annotations for Efficient Incremental Analysis via Domain Specific Solvers},
  booktitle = {Proceedings of the 2011 26th IEEE/ACM International Conference on Automated Software Engineering},
  series = {ASE '11},
  year = {2011},
  isbn = {978-1-4577-1638-6},
  pages = {464--467},
  numpages = {4},
  url = {http://dx.doi.org/10.1109/ASE.2011.6100100},
  doi = {10.1109/ASE.2011.6100100},
  acmid = {2190101},
  publisher = {IEEE Computer Society},
  address = {Washington, DC, USA},
  review={cita o artigo selecionado na revisão estruturada},
  really_refers_to_software={no},
}

@inproceedings{Zaeem:2010:CDS:1883978.1884016,
  author = {Zaeem, Razieh Nokhbeh and Khurshid, Sarfraz},
  title = {Contract-based Data Structure Repair Using Alloy},
  booktitle = {Proceedings of the 24th European Conference on Object-oriented Programming},
  series = {ECOOP'10},
  year = {2010},
  isbn = {3-642-14106-4, 978-3-642-14106-5},
  location = {Maribor, Slovenia},
  pages = {577--598},
  numpages = {22},
  url = {http://dl.acm.org/citation.cfm?id=1883978.1884016},
  acmid = {1884016},
  publisher = {Springer-Verlag},
  address = {Berlin, Heidelberg},
  keywords = {Alloy, data structure repair, programming by Contract, specifications},
  review={cita o artigo selecionado na revisão estruturada, e tambem um outro artigo sobre o software},
  really_refers_to_software={no},
}

@article{Nardo:2017:AFD:3092955.3053430,
  author = {Nardo, Daniel Di and Pastore, Fabrizio and Briand, Lionel},
  title = {Augmenting Field Data for Testing Systems Subject to Incremental Requirements Changes},
  journal = {ACM Trans. Softw. Eng. Methodol.},
  issue_date = {July 2017},
  volume = {26},
  number = {1},
  month = may,
  year = {2017},
  issn = {1049-331X},
  pages = {1:1--1:40},
  articleno = {1},
  numpages = {40},
  url = {http://doi.acm.org/10.1145/3053430},
  doi = {10.1145/3053430},
  acmid = {3053430},
  publisher = {ACM},
  address = {New York, NY, USA},
  keywords = {Alloy, Data Processing Systems, Model Slicing, System Testing},
  review={cita um artigo com o nome do software no título, tem relação com o software},
  really_refers_to_software={no},
}

@article{Fraser:2014:LEA:2702120.2685612,
  author = {Fraser, Gordon and Arcuri, Andrea},
  title = {A Large-Scale Evaluation of Automated Unit Test Generation Using EvoSuite},
  journal = {ACM Trans. Softw. Eng. Methodol.},
  issue_date = {December 2014},
  volume = {24},
  number = {2},
  month = dec,
  year = {2014},
  issn = {1049-331X},
  pages = {8:1--8:42},
  articleno = {8},
  numpages = {42},
  url = {http://doi.acm.org/10.1145/2685612},
  doi = {10.1145/2685612},
  acmid = {2685612},
  publisher = {ACM},
  address = {New York, NY, USA},
  keywords = {JUnit, Java, Unit testing, automated test generation, benchmark, branch coverage, empirical software engineering},
  review={cita o software numa tabela com inumeros softwares encontrados na literatura de avaliação de configuração},
  really_refers_to_software={yes},
  mention_type={cite},
}

@inproceedings{NokhbehZaeem:2012:TIG:2393596.2393635,
  author = {Nokhbeh Zaeem, Razieh and Khurshid, Sarfraz},
  title = {Test Input Generation Using Dynamic Programming},
  booktitle = {Proceedings of the ACM SIGSOFT 20th International Symposium on the Foundations of Software Engineering},
  series = {FSE '12},
  year = {2012},
  isbn = {978-1-4503-1614-9},
  location = {Cary, North Carolina},
  pages = {34:1--34:11},
  articleno = {34},
  numpages = {11},
  url = {http://doi.acm.org/10.1145/2393596.2393635},
  doi = {10.1145/2393596.2393635},
  acmid = {2393635},
  publisher = {ACM},
  address = {New York, NY, USA},
  keywords = {dynamic programming, lazy initialization, recursive test generation, symbolic execution},
  review={cita o software como trabalho relacionado},
  really_refers_to_software={yes},
  mention_type={cite},
}

@inproceedings{Rosner:2013:RPA:3107656.3107678,
  author = {Rosner, Nicol\'{a}s and Siddiqui, Junaid H. and Aguirre, Nazareno and Khurshid, Sarfraz and Frias, Marcelo F.},
  title = {Ranger: Parallel Analysis of Alloy Models by Range Partitioning},
  booktitle = {Proceedings of the 28th IEEE/ACM International Conference on Automated Software Engineering},
  series = {ASE'13},
  year = {2013},
  isbn = {978-1-4799-0215-6},
  location = {Silicon Valley, CA, USA},
  pages = {147--157},
  numpages = {11},
  url = {https://doi.org/10.1109/ASE.2013.6693075},
  doi = {10.1109/ASE.2013.6693075},
  acmid = {3107678},
  publisher = {IEEE Press},
  address = {Piscataway, NJ, USA},
  keywords = {SAT, alloy, parallel analysis, static analysis},
  review={cita o artigo selecionado na revisão estruturada},
  really_refers_to_software={no},
}

@inproceedings{Elkarablieh:2008:ESS:1390630.1390637,
  author = {Elkarablieh, Bassem and Marinov, Darko and Khurshid, Sarfraz},
  title = {Efficient Solving of Structural Constraints},
  booktitle = {Proceedings of the 2008 International Symposium on Software Testing and Analysis},
  series = {ISSTA '08},
  year = {2008},
  isbn = {978-1-60558-050-0},
  location = {Seattle, WA, USA},
  pages = {39--50},
  numpages = {12},
  url = {http://doi.acm.org/10.1145/1390630.1390637},
  doi = {10.1145/1390630.1390637},
  acmid = {1390637},
  publisher = {ACM},
  address = {New York, NY, USA},
  keywords = {backtracking, model checking, systematic testing},
  review={cita o artigo selecionado na revisão estruturada},
  really_refers_to_software={no},
}

@article{Darga:2006:ESM:1167515.1167504,
  author = {Darga, Paul T. and Boyapati, Chandrasekhar},
  title = {Efficient Software Model Checking of Data Structure Properties},
  journal = {SIGPLAN Not.},
  issue_date = {October 2006},
  volume = {41},
  number = {10},
  month = oct,
  year = {2006},
  issn = {0362-1340},
  pages = {363--382},
  numpages = {20},
  url = {http://doi.acm.org/10.1145/1167515.1167504},
  doi = {10.1145/1167515.1167504},
  acmid = {1167504},
  publisher = {ACM},
  address = {New York, NY, USA},
  keywords = {program analysis, software model checking},
  review={cita um outro artigo sobre o software, mas nao cita o software em si},
  really_refers_to_software={no},
}

@inproceedings{Darga:2006:ESM:1167473.1167504,
  author = {Darga, Paul T. and Boyapati, Chandrasekhar},
  title = {Efficient Software Model Checking of Data Structure Properties},
  booktitle = {Proceedings of the 21st Annual ACM SIGPLAN Conference on Object-oriented Programming Systems, Languages, and Applications},
  series = {OOPSLA '06},
  year = {2006},
  isbn = {1-59593-348-4},
  location = {Portland, Oregon, USA},
  pages = {363--382},
  numpages = {20},
  url = {http://doi.acm.org/10.1145/1167473.1167504},
  doi = {10.1145/1167473.1167504},
  acmid = {1167504},
  publisher = {ACM},
  address = {New York, NY, USA},
  keywords = {program analysis, software model checking},
  review={resultado de busca duplicado},
  really_refers_to_software={no},
}
