@INPROCEEDINGS{5550368,
  author={L. Torri and G. Fachini and L. Steinfeld and V. Camara and L. Carro and É. Cota},
  booktitle={2010 11th Latin American Test Workshop},
  title={An evaluation of free/open source static analysis tools applied to embedded software},
  year={2010},
  pages={1-6},
  keywords={embedded systems;public domain software;software tools;embedded software;embedded systems;free static analysis tools;open source static analysis tools;Buffer overflow;Embedded software;Embedded system;Hardware;Rats;Testing},
  doi={10.1109/LATW.2010.5550368},
  ISSN={2373-0862},
  month={March},
  review={avalia ferramentas livres de analise estatica, mygcc entre eles},
  really_refers_to_software={yes},
  contribution_weight={0.25},
}

@INPROCEEDINGS{5358676,
  author={K. Yu and C. Wang and Y. l. Chen and M. x. Lin},
  booktitle={2009 16th Asia-Pacific Software Engineering Conference},
  title={Program Sifting: Select Property-Related Functions for Language-Based Static Analysis},
  year={2009},
  pages={275-282},
  keywords={program debugging;program diagnostics;specification languages;SIFT tool;complex real system bugs;control flow graphs;language-based static analysis;path explosion problem;program sifting;program simplification;property-related function selection;user-specified properties;Computer bugs;Costs;Engines;Error analysis;Explosions;Flow graphs;Programming profession;Software engineering;Software quality;Specification languages;error detection;language-based static analysis;program sifting;program simplification},
  doi={10.1109/APSEC.2009.44},
  ISSN={1530-1362},
  month={Dec},
  review={implementa uma nova ferramenta SIFT, faz referencia a estudo anterior com mygcc},
  really_refers_to_software={yes},
  contribution_weight={0},
}

@INPROCEEDINGS{5501189,
  author={V. Itsykson and M. Moiseev and V. Tsesko and A. Zakharov},
  booktitle={2009 5th Central and Eastern European Software Engineering Conference in Russia (CEE-SECR)},
  title={Automatic defects detection in industrial C/C++ software},
  year={2009},
  pages={50-55},
  keywords={C++ language;program diagnostics;programming languages;statistical analysis;automatic defects detection;industrial C/C++ software;programming analysis;programming languages;source code static analysis methods;Algorithm design and analysis;Computer industry;Computer languages;Detection algorithms;Performance analysis;Defects detection;quality of source code;static analysis},
  doi={10.1109/CEE-SECR.2009.5501189},
  month={Oct},
  review={cita o nome do software uma vez, mas o artigo está escrito em russo},
  really_refers_to_software={yes},
  contribution_weight={0},
}

@INPROCEEDINGS{6975645,
  author={S. Tlili and J. M. Fernandez and A. Belghith and B. Dridi and S. Hidouri},
  booktitle={2014 IEEE 14th International Working Conference on Source Code Analysis and Manipulation},
  title={Scalable Security Verification of Software at Compile Time},
  year={2014},
  pages={115-124},
  keywords={Linux;XML;formal verification;security of data;GCC pass;Linux kernel source code;automated verification tools;scalable security verification engine;software compilation process;software development life cycle;software vulnerabilities;Automata;Engines;Monitoring;Scalability;Security;Software;XML;Finite State Automata;GCC;Security Verification;Static Analysis},
  doi={10.1109/SCAM.2014.20},
  month={Sept},
  review={cita o software como trabalho relacionado},
  really_refers_to_software={yes},
  contribution_weight={0},
}

@INPROCEEDINGS{4019566,
  author={N. Volanschi},
  booktitle={21st IEEE/ACM International Conference on Automated Software Engineering (ASE'06)},
  title={A Portable Compiler-Integrated Approach to Permanent Checking},
  year={2006},
  pages={103-112},
  keywords={C language;data flow analysis;data flow graphs;partial evaluation (compilers);programming language semantics;reachability analysis;C language;Linux kernel;code patterns;compiler integration;control flow graph;dataflow information;language-independent code pattern matching;permanent checking;portable compiler;program checking;reachability queries;semantic information;syntactic information;Flow graphs;Kernel;Linux;Pattern matching;Program processors;Programming profession;Software engineering;Software performance;Software tools;Usability},
  doi={10.1109/ASE.2006.8},
  ISSN={1938-4300},
  month={Sept},
  review={mesmo artigo selecionado na revisão estruturada},
  really_refers_to_software={yes},
  contribution_weight={1},
  step={structured-review},
}
