@INPROCEEDINGS{6747168, 
author={C. K. Roy and M. F. Zibran and R. Koschke}, 
booktitle={2014 Software Evolution Week - IEEE Conference on Software Maintenance, Reengineering, and Reverse Engineering (CSMR-WCRE)}, 
title={The vision of software clone management: Past, present, and future (Keynote paper)}, 
year={2014}, 
volume={}, 
number={}, 
pages={18-33}, 
keywords={program diagnostics;software maintenance;software management;source code (software);code clone anlalysis;code clone detection;code clones;code smell;cost-benefit analysis;duplicated code;indepth investigation;integrated clone management system;software clone management;software system development;software system maintenance;Cloning;Detectors;Documentation;Software;Syntactics;Unified modeling language;Visualization;Clone Analysis;Clone Management;Code Clones;Future Research Directions}, 
doi={10.1109/CSMR-WCRE.2014.6747168}, 
ISSN={}, 
month={Feb},}
@INPROCEEDINGS{8327315, 
author={M. R. Islam and M. F. Zibran}, 
booktitle={2018 IEEE 12th International Workshop on Software Clones (IWSC)}, 
title={On the characteristics of buggy code clones: A code quality perspective}, 
year={2018}, 
volume={}, 
number={}, 
pages={23-29}, 
keywords={Java;program diagnostics;software fault tolerance;software maintenance;software metrics;software quality;Java;bug-fixing changes;buggy code clones;clone-aware software development;code quality metrics;code smell;cost-effective clone management;noncloned code;program faults;software maintenance;software system;Cloning;Complexity theory;Computer bugs;Indexes;Size measurement;Software systems}, 
doi={10.1109/IWSC.2018.8327315}, 
ISSN={}, 
month={March},}
@INPROCEEDINGS{1173793, 
author={L. Zhou and D. P. Twitchell and Tiantian Qin and J. K. Burgoon and J. F. Nunamaker}, 
booktitle={36th Annual Hawaii International Conference on System Sciences, 2003. Proceedings of the}, 
title={An exploratory study into deception detection in text-based computer-mediated communication}, 
year={2003}, 
volume={}, 
number={}, 
pages={10 pp.-}, 
keywords={Internet;electronic mail;electronic messaging;security of data;telecommunication security;text analysis;Internet;automated tool;deception detection;deceptive cues;deceptive messages;desert survival problem;text-based communication;text-based computer-mediated communication;textual communication;truthful messages;Computer mediated communication;Costs;Information filtering;Information filters;Information systems;Internet;National security;Pressing;Research initiatives;Switches}, 
doi={10.1109/HICSS.2003.1173793}, 
ISSN={}, 
month={Jan},}
@INPROCEEDINGS{8009930, 
author={P. Behnamghader and R. Alfayez and K. Srisopha and B. Boehm}, 
booktitle={2017 IEEE International Conference on Software Quality, Reliability and Security (QRS)}, 
title={Towards Better Understanding of Software Quality Evolution through Commit-Impact Analysis}, 
year={2017}, 
volume={}, 
number={}, 
pages={251-262}, 
keywords={program compilers;software metrics;software quality;source code (software);Apache Java software systems;commit-impact analysis;software quality indicator;software quality metrics;source code;Computer bugs;Measurement;Security;Software quality;Software systems;Tools;commit-impact analysis;mining software repositories;software quality evolution}, 
doi={10.1109/QRS.2017.36}, 
ISSN={}, 
month={July},}
@INPROCEEDINGS{6227192, 
author={X. Ge and Q. L. DuBose and E. Murphy-Hill}, 
booktitle={2012 34th International Conference on Software Engineering (ICSE)}, 
title={Reconciling manual and automatic refactoring}, 
year={2012}, 
volume={}, 
number={}, 
pages={211-221}, 
keywords={software maintenance;software tools;BeneFactor;automatic refactoring;chasing error message;error-prone manual refactoring strategy;manual refactoring workflow pattern;refactoring tool underuse problem;Java;Manuals;Software;Software reliability;Videos}, 
doi={10.1109/ICSE.2012.6227192}, 
ISSN={0270-5257}, 
month={June},}
@ARTICLE{7938609, 
author={J. Pati and B. Kumar and D. Manjhi and K. K. Shukla}, 
journal={IEEE Access}, 
title={A Comparison Among ARIMA, BP-NN, and MOGA-NN for Software Clone Evolution Prediction}, 
year={2017}, 
volume={5}, 
number={}, 
pages={11841-11851}, 
keywords={autoregressive moving average processes;backpropagation;genetic algorithms;neural nets;public domain software;software maintenance;time series;ARIMA;ArgoUML;BP-NN;MOGA-NN;abstract syntax tree approach;autoregressive integrated moving average;back propagation neural network;multiobjective genetic algorithm-based neural network;open-source software application;software clone components;software clone evolution prediction;software maintenance activities;time series analysis;Cloning;Predictive models;Sociology;Software;Time series analysis;Unified modeling language;ARIMA;MOGA-NN;Software clones;back propagation;software clone evolution;time series analysis}, 
doi={10.1109/ACCESS.2017.2707539}, 
ISSN={}, 
month={},}
@INPROCEEDINGS{7476632, 
author={S. Wagner and A. Abdulkhaleq and K. Kaya and A. Paar}, 
booktitle={2016 IEEE 23rd International Conference on Software Analysis, Evolution, and Reengineering (SANER)}, 
title={On the Relationship of Inconsistent Software Clones and Faults: An Empirical Study}, 
year={2016}, 
volume={1}, 
number={}, 
pages={79-89}, 
keywords={Java;configuration management;software fault tolerance;software reusability;source code (software);Java systems;TWT GmbH;code cloning;inconsistent software clones;inconsistent software faults;software development;source code piece copying;source code piece reusing;version control;Cloning;History;Inspection;Java;Open source software;Software systems;code clones;inconsistent clones;industrial case study}, 
doi={10.1109/SANER.2016.94}, 
ISSN={}, 
month={March},}
@INBOOK{8043875, 
author={Stefan Poslad}, 
booktitle={Ubiquitous Computing:Smart Devices, Environments and Interactions}, 
title={Human #x2013;Computer Interaction}, 
year={2009}, 
volume={}, 
number={}, 
pages={502-}, 
keywords={Human computer interaction;IEEE Sections;Mobile handsets;Performance evaluation;Switches;Visualization}, 
doi={10.1002/9780470779446.ch5}, 
ISSN={}, 
publisher={Wiley Telecom}, 
isbn={9780470779446}, 
url={https://ieeexplore.ieee.org/xpl/articleDetails.jsp?arnumber=8043875},}
@INPROCEEDINGS{5609577, 
author={K. Prete and N. Rachatasumrit and N. Sudan and M. Kim}, 
booktitle={2010 IEEE International Conference on Software Maintenance}, 
title={Template-based reconstruction of complex refactorings}, 
year={2010}, 
volume={}, 
number={}, 
pages={1-10}, 
keywords={logic programming;software maintenance;Fowler catalog;REF-FINDER;atomic refactorings;complex refactorings;logic programming engine;polymorphism refactoring;refactoring identification techniques;template logic rules;template-based refactoring reconstruction approach;Algorithm design and analysis;Catalogs;Cloning;Concrete;Databases;Feature extraction;Software}, 
doi={10.1109/ICSM.2010.5609577}, 
ISSN={1063-6773}, 
month={Sept},}
@INPROCEEDINGS{8090148, 
author={C. Nagy and A. Cleve}, 
booktitle={2017 IEEE 17th International Working Conference on Source Code Analysis and Manipulation (SCAM)}, 
title={A Static Code Smell Detector for SQL Queries Embedded in Java Code}, 
year={2017}, 
volume={}, 
number={}, 
pages={147-152}, 
keywords={Java;SQL;database management systems;program diagnostics;query processing;software fault tolerance;source code (software);ASG;Eclipse plug-in;Java code;SQL code;SQL queries;SQL statements;application code;communication layer;database schema;embedded query;fault-tolerant SQL parser;inefficient database usage;information system;query extraction algorithm;query strings;source code;static analysis;static code smell detector;string operations;Databases;Detectors;Java;Prototypes;Structured Query Language;Syntactics;Tools;Eclipse;Java;SQL;code smells;static analysis}, 
doi={10.1109/SCAM.2017.19}, 
ISSN={}, 
month={Sept},}
@INPROCEEDINGS{6178855, 
author={M. Hashimoto and A. Mori}, 
booktitle={2012 16th European Conference on Software Maintenance and Reengineering}, 
title={Enhancing History-Based Concern Mining with Fine-Grained Change Analysis}, 
year={2012}, 
volume={}, 
number={}, 
pages={75-84}, 
keywords={Java;data mining;data models;public domain software;software maintenance;tree data structures;COMMIT;Diff/TS;Java;RDF data model;abstract syntax trees;development history;fine-grained change analysis;history-based concern mining techniques;open source projects;resource description framework;software project maintenance;source code changes;source code regions;tree differencing;Data mining;Data models;History;Java;Resource description framework;Syntactics;XML;change analysis;concern mining;resource description framework;tree differencing}, 
doi={10.1109/CSMR.2012.18}, 
ISSN={1534-5351}, 
month={March},}
@INPROCEEDINGS{7884659, 
author={F. Palomba and D. Di Nucci and A. Panichella and A. Zaidman and A. De Lucia}, 
booktitle={2017 IEEE 24th International Conference on Software Analysis, Evolution and Reengineering (SANER)}, 
title={Lightweight detection of Android-specific code smells: The aDoctor project}, 
year={2017}, 
volume={}, 
number={}, 
pages={487-491}, 
keywords={Android (operating system);mobile computing;programming;software engineering;source code (software);Android applications;Android-specific code smells;Mobile app code smells;aDoctor project;lightweight detection;maintainability;poor design solution symptoms;programmers;software system development;Androids;Context;Detectors;Humanoid robots;Instruction sets;Mobile communication;Android-specific Code Smells;Detection Tool;Empirical Study}, 
doi={10.1109/SANER.2017.7884659}, 
ISSN={}, 
month={Feb},}
@INPROCEEDINGS{6671297, 
author={C. Maffort and M. T. Valente and M. Bigonha and N. Anquetil and A. Hora}, 
booktitle={2013 20th Working Conference on Reverse Engineering (WCRE)}, 
title={Heuristics for discovering architectural violations}, 
year={2013}, 
volume={}, 
number={}, 
pages={222-231}, 
keywords={program diagnostics;public domain software;software architecture;software quality;ArchLint approach;architectural violations discovery;concrete software architecture;historical source code analysis;open-source systems;planned software architecture;reflexion models;software architecture conformance;software quality control activity;source code based architectures;static source code analysis;Computer architecture;Concrete;Distance measurement;History;Information systems;Open source software;Mining software repositories;Software architecture conformance;Static analysis}, 
doi={10.1109/WCRE.2013.6671297}, 
ISSN={1095-1350}, 
month={Oct},}
@INPROCEEDINGS{5741247, 
author={N. Gode and J. Harder}, 
booktitle={2011 15th European Conference on Software Maintenance and Reengineering}, 
title={Clone Stability}, 
year={2011}, 
volume={}, 
number={}, 
pages={65-74}, 
keywords={software maintenance;clone detection;code clone stability;source code;system maintainability;Cloning;Detectors;History;Maintenance engineering;Size measurement;Software maintenance;Stability analysis;clone stability;code clones;experimentation}, 
doi={10.1109/CSMR.2011.11}, 
ISSN={1534-5351}, 
month={March},}
@INPROCEEDINGS{6065171, 
author={S. L. Abebe and S. Haiduc and P. Tonella and A. Marcus}, 
booktitle={2011 IEEE 11th International Working Conference on Source Code Analysis and Manipulation}, 
title={The Effect of Lexicon Bad Smells on Concept Location in Source Code}, 
year={2011}, 
volume={}, 
number={}, 
pages={125-134}, 
keywords={grammars;object-oriented programming;public domain software;reverse engineering;software maintenance;extreme contraction;identifier name;inconsistent term use;information retrieval;labeled code entity;lexicon bad smell;maintenance task execution;modification request;object-oriented software system;odd grammatical structure;open source software system;program understanding;source code concept location;Computer bugs;Containers;Filtering;Maintenance engineering;Software systems;Terminology;code smells;concept location;lexicon bad smells;program comprehension;software lexicon;text retrieval}, 
doi={10.1109/SCAM.2011.18}, 
ISSN={}, 
month={Sept},}
@INPROCEEDINGS{6385119, 
author={S. L. Abebe and V. Arnaoudova and P. Tonella and G. Antoniol and Y. G. Guéhéneuc}, 
booktitle={2012 19th Working Conference on Reverse Engineering}, 
title={Can Lexicon Bad Smells Improve Fault Prediction?}, 
year={2012}, 
volume={}, 
number={}, 
pages={235-244}, 
keywords={Unified Modeling Language;computational complexity;public domain software;software fault tolerance;software metrics;ArgoUML;Eclipse;LBS;Rhino;code complexity;error insertion likelihood;fault prediction;fault-prone classes;faulty classes;lexicon bad smells;open source systems;software development;source code quality;source code structural metrics;structural metrics;Computational modeling;Fault diagnosis;Logistics;Measurement;Predictive models;Principal component analysis;Support vector machines;Fault prediction;lexicon bad smells;program understanding;structural metrics}, 
doi={10.1109/WCRE.2012.33}, 
ISSN={1095-1350}, 
month={Oct},}
@INPROCEEDINGS{7174843, 
author={O. Zimmermann}, 
booktitle={2015 IEEE/ACM 2nd International Workshop on Software Architecture and Metrics}, 
title={Metrics for Architectural Synthesis and Evaluation -- Requirements and Compilation by Viewpoint. An Industrial Experience Report}, 
year={2015}, 
volume={}, 
number={}, 
pages={8-14}, 
keywords={software architecture;software metrics;IT architect roles;architectural analysis;architectural evaluation;architectural metrics management;architectural synthesis;critical success factors;professional services;research and development;risk elements;use case identification;Computer architecture;Context;Contracts;Databases;Measurement;Radiation detectors;Software;architectural metrics management;architectural reviews;enterprise information systems;viewpoints}, 
doi={10.1109/SAM.2015.9}, 
ISSN={}, 
month={May},}
@INPROCEEDINGS{4493335, 
author={J. Pantos and A. Beszedes and P. Gyenizse and T. Gyimothy}, 
booktitle={2008 12th European Conference on Software Maintenance and Reengineering}, 
title={Experiences in Adapting a Source Code-Based Quality Assessment Technology}, 
year={2008}, 
volume={}, 
number={}, 
pages={311-313}, 
keywords={program testing;program verification;software maintenance;software metrics;software quality;software reliability;continuous quality monitoring;proprietary programming languages;quality assessment technology;software reliability;software systems;static source code analysis;static verification technique;testing-based software quality assurance;Computer industry;Gain measurement;Informatics;Monitoring;Programmable control;Quality assessment;Software engineering;Software maintenance;Software quality;Software testing;Software quality;quality assurance;software metrics;software verification and validation}, 
doi={10.1109/CSMR.2008.4493335}, 
ISSN={1534-5351}, 
month={April},}
@ARTICLE{6112738, 
author={E. Murphy-Hill and C. Parnin and A. P. Black}, 
journal={IEEE Transactions on Software Engineering}, 
title={How We Refactor, and How We Know It}, 
year={2012}, 
volume={38}, 
number={1}, 
pages={5-18}, 
keywords={software maintenance;software tools;Eclipse developers;Mylyn developers;randomly sampled code;refactoring tools;research and development;Java;Refactoring;Software tools;Refactoring;floss refactoring;refactoring tools;root-canal refactoring.}, 
doi={10.1109/TSE.2011.41}, 
ISSN={0098-5589}, 
month={Jan},}
@INPROCEEDINGS{8190658, 
author={P. H. de Andrade Gomes and R. E. Garcia and G. Spadon and D. M. Eler and C. Olivete and R. C. M. Correia}, 
booktitle={2017 IEEE Frontiers in Education Conference (FIE)}, 
title={Teaching software quality via source code inspection tool}, 
year={2017}, 
volume={}, 
number={}, 
pages={1-8}, 
keywords={computer aided instruction;computer science education;educational courses;educational institutions;engineering education;inspection;programming;software maintenance;software quality;teaching;Software Engineering students;Software Quality Assurance learning;Software Quality Assurance teaching;internal quality;programming skills;quality reports;software quality teaching;source code inspection tool;source code quality;source code quality evaluation;standardized quality specifications;student coding;Computer bugs;Inspection;Maintenance engineering;Servers;Software quality;Tools}, 
doi={10.1109/FIE.2017.8190658}, 
ISSN={}, 
month={Oct},}
@INPROCEEDINGS{5428534, 
author={G. Hanssen and A. F. Yamashita and R. Conradi and L. Moonen}, 
booktitle={2010 43rd Hawaii International Conference on System Sciences}, 
title={Software Entropy in Agile Product Evolution}, 
year={2010}, 
volume={}, 
number={}, 
pages={1-10}, 
keywords={DP industry;entropy;software development management;software maintenance;software prototyping;software quality;Evo;agile development method;agile product evolution;agile software development;continuous refactoring support;continuous semiautomated quality monitoring;large software product organizations;software entropy;software product line organization;system maintainability;Decision making;Degradation;Entropy;Laboratories;Monitoring;Product development;Programming;Quality management;Research and development;Software packages}, 
doi={10.1109/HICSS.2010.344}, 
ISSN={1530-1605}, 
month={Jan},}
@INPROCEEDINGS{6676939, 
author={R. K. Saha and C. K. Roy and K. A. Schneider}, 
booktitle={2013 IEEE International Conference on Software Maintenance}, 
title={gCad: A Near-Miss Clone Genealogy Extractor to Support Clone Evolution Analysis}, 
year={2013}, 
volume={}, 
number={}, 
pages={488-491}, 
keywords={pattern classification;program diagnostics;software maintenance;software metrics;software tools;clone detection tools;clone evolution;clone evolution analysis;clone genealogy classification;exact clone genealogy extractor;gCad;metrics;near-miss clone genealogy extractor;Cloning;Detectors;Educational institutions;Maintenance engineering;Measurement;XML;Type-3 clones;clone evolution;clone genealogy}, 
doi={10.1109/ICSM.2013.79}, 
ISSN={1063-6773}, 
month={Sept},}
@INPROCEEDINGS{7816470, 
author={M. Aniche and G. Bavota and C. Treude and A. V. Deursen and M. A. Gerosa}, 
booktitle={2016 IEEE International Conference on Software Maintenance and Evolution (ICSME)}, 
title={A Validated Set of Smells in Model-View-Controller Architectures}, 
year={2016}, 
volume={}, 
number={}, 
pages={233-243}, 
keywords={Internet;program diagnostics;source code (software);Web MVC applications;Web MVC smells;brain controller;brain repository;code change-proneness;code comprehension;code defect-proneness;code smells;fat repository;laborious repository method;meddling service;model-view-controller architectures;model-view-controller pattern;open coding;promiscuous controller;Business;Computer architecture;Encoding;Interviews;Service-oriented architecture;Springs;MVC;code smells;model-view-controller;software maintenance}, 
doi={10.1109/ICSME.2016.12}, 
ISSN={}, 
month={Oct},}
@INPROCEEDINGS{7475118, 
author={A. Waheed and G. Rasool and S. Ubaid and F. Ghaffar}, 
booktitle={2016 International Conference on Intelligent Systems Engineering (ICISE)}, 
title={Discovery of design patterns variants for quality software development}, 
year={2016}, 
volume={}, 
number={}, 
pages={185-191}, 
keywords={object-oriented programming;software architecture;software maintenance;software quality;source code (software);GOF design patterns;complex architecture;design pattern variant discovery;design patterns detection;gang of four design patterns;legacy applications;quality software development;source code;variants detection;Computer languages;Electronic mail;Feature extraction;Observers;Production facilities;Software;Standards;analysis;design patterns;detection;pattern recovery tools;source code;variants}, 
doi={10.1109/INTELSE.2016.7475118}, 
ISSN={}, 
month={Jan},}
@INPROCEEDINGS{7810699, 
author={F. Palomba and D. Di Nucci and A. Panichella and R. Oliveto and A. De Lucia}, 
booktitle={2016 IEEE/ACM 9th International Workshop on Search-Based Software Testing (SBST)}, 
title={On the Diffusion of Test Smells in Automatically Generated Test Code: An Empirical Study}, 
year={2016}, 
volume={}, 
number={}, 
pages={5-14}, 
keywords={program testing;software engineering;automatic unit test generation tools;automatically generated test code;software development process;software testing;Context;Correlation;Production;Software testing;Usability;Automatically Generated Test Classes;Empirical Studies;Mining Software Repositories;Software Quality;Test Smells}, 
doi={10.1109/SBST.2016.010}, 
ISSN={}, 
month={May},}
@INPROCEEDINGS{6676875, 
author={W. Qian and X. Peng and Z. Xing and S. Jarzabek and W. Zhao}, 
booktitle={2013 IEEE International Conference on Software Maintenance}, 
title={Mining Logical Clones in Software: Revealing High-Level Business and Programming Rules}, 
year={2013}, 
volume={}, 
number={}, 
pages={40-49}, 
keywords={commerce;customer relationship management;data mining;enterprise resource planning;public domain software;software reusability;CRM software;MiLoCo;application-specific business;high-level business;logical clones mining;open-source ERP software;pattern mining;program reuse;programming rules;software systems;Abstracts;Business;Cloning;Clustering algorithms;Data mining;Programming;Semantics;evolution;logical clone;program comprehension;reuse;semantic clustering}, 
doi={10.1109/ICSM.2013.15}, 
ISSN={1063-6773}, 
month={Sept},}
@INPROCEEDINGS{7062687, 
author={S. V. Yulianto and I. Liem}, 
booktitle={2014 International Conference on Data and Software Engineering (ICODSE)}, 
title={Automatic grader for programming assignment using source code analyzer}, 
year={2014}, 
volume={}, 
number={}, 
pages={1-4}, 
keywords={Java;computer science education;pattern matching;program debugging;programming;software quality;source code (software);teaching;user interfaces;Java engine application;Java language;SCAGrader;Web-based user interface;XSLT transformation process;automatic programming assignment grader;blackbox autograding system;bug matching;flaw matching;program quality;programming teaching;software development;source code analysis;source code analyzer;student source code;Computer bugs;Electrical engineering;Encoding;Engines;Java;Programming;XML;XML;XSLT;source code analyzer;static analysis}, 
doi={10.1109/ICODSE.2014.7062687}, 
ISSN={}, 
month={Nov},}
