@INPROCEEDINGS{8090148, 
  author={C. Nagy and A. Cleve}, 
  booktitle={2017 IEEE 17th International Working Conference on Source Code Analysis and Manipulation (SCAM)}, 
  title={A Static Code Smell Detector for SQL Queries Embedded in Java Code}, 
  year={2017}, 
  volume={}, 
  number={}, 
  pages={147-152}, 
  keywords={Java;SQL;database management systems;program diagnostics;query processing;software fault tolerance;source code (software);ASG;Eclipse plug-in;Java code;SQL code;SQL queries;SQL statements;application code;communication layer;database schema;embedded query;fault-tolerant SQL parser;inefficient database usage;information system;query extraction algorithm;query strings;source code;static analysis;static code smell detector;string operations;Databases;Detectors;Java;Prototypes;Structured Query Language;Syntactics;Tools;Eclipse;Java;SQL;code smells;static analysis}, 
  doi={10.1109/SCAM.2017.19}, 
  ISSN={}, 
  month={Sept},
}
