@inproceedings{Janes:2017:CSQ:3053600.3053618,
  author = {Janes, Andrea and Lenarduzzi, Valentina and Stan, Alexandru Cristian},
  title = {A Continuous Software Quality Monitoring Approach for Small and Medium Enterprises},
  booktitle = {Proceedings of the 8th ACM/SPEC on International Conference on Performance Engineering Companion},
  series = {ICPE '17 Companion},
  year = {2017},
  isbn = {978-1-4503-4899-7},
  location = {L'Aquila, Italy},
  pages = {97--100},
  numpages = {4},
  url = {http://doi.acm.org/10.1145/3053600.3053618},
  doi = {10.1145/3053600.3053618},
  acmid = {3053618},
  publisher = {ACM},
  address = {New York, NY, USA},
  keywords = {anti-patterns, code smells, continuous quality assurance, software maintenance, software monitoring},
}
