@INPROCEEDINGS{6975640,
  author={R. Ferenc and L. Langó and I. Siket and T. Gyimóthy and T. Bakota},
  booktitle={2014 IEEE 14th International Working Conference on Source Code Analysis and Manipulation},
  title={Source Meter Sonar Qube Plug-in},
  year={2014},
  pages={77-82},
  keywords={public domain software;software metrics;software quality;source code (software);GUI;Java code analysis engine;Sonar Qube dashboard;SourceMeter Sonar Qube plug-in;code quality management;drilldown views;open-source platform;Cloning;Encoding;Engines;Graphical user interfaces;Java;Measurement;Software;Sonar Qube;Source Meter;clone detection;coding issues;metrics;plug-in;software quality},
  doi={10.1109/SCAM.2014.31},
  month={Sept},
  review={mesmo artigo selecionado na revisão estruturada},
  really_refers_to_software={yes},
  contribution_weight={1},
  step={study1},
  conference={SCAM},
}
