@inproceedings{Fu:2004:AIB:988672.988756,
  author = {Fu, Xiang and Bultan, Tevfik and Su, Jianwen},
  title = {Analysis of Interacting BPEL Web Services},
  booktitle = {Proceedings of the 13th International Conference on World Wide Web},
  series = {WWW '04},
  year = {2004},
  isbn = {1-58113-844-X},
  location = {New York, NY, USA},
  pages = {621--630},
  numpages = {10},
  url = {http://doi.acm.org/10.1145/988672.988756},
  doi = {10.1145/988672.988756},
  acmid = {988756},
  publisher = {ACM},
  address = {New York, NY, USA},
  keywords = {BPEL, asynchronous communication, conversation, model checking, spin, synchronizability, web service, xpath},
  review={faz referência parcialmente ao nome do software, mas sem relação ao software},
  really_refers_to_software={no},
}

@inproceedings{Bultan:2006:ATR:2674328.2674348,
  author = {Bultan, T. and Heitmeyer, C.},
  title = {Analyzing Tabular Requirements Specifications Using Infinite State Model Checking},
  booktitle = {Proceedings of the Fourth ACM and IEEE International Conference on Formal Methods and Models for Co-Design, 2006. MEMOCODE '06. Proceedings.},
  series = {MEMOCODE '06},
  year = {2006},
  isbn = {1-4244-0421-5},
  pages = {7--16},
  numpages = {10},
  url = {http://dx.doi.org/10.1109/MEMCOD.2006.1695895},
  doi = {10.1109/MEMCOD.2006.1695895},
  acmid = {2674348},
  publisher = {IEEE Computer Society},
  address = {Washington, DC, USA},
  keywords = {coverage property, tabular requirements specification, infinite state model checking, formal analysis, requirements specifications, software cost reduction, action language verifier, disjointness property},
  review={usa o software para compor a solução implementada no artigo como 'symbolic manipulation engine for Boolean logic and Presburger arithmetic formulas'},
  really_refers_to_software={yes},
  contribution_weight={3},
}

@inproceedings{Hall:2007:RMV:1321631.1321714,
  author = {Hall, Robert J.},
  title = {Rteq: Modeling and Validating Infinite-state Hard-real-time Systems},
  booktitle = {Proceedings of the Twenty-second IEEE/ACM International Conference on Automated Software Engineering},
  series = {ASE '07},
  year = {2007},
  isbn = {978-1-59593-882-4},
  location = {Atlanta, Georgia, USA},
  pages = {481--484},
  numpages = {4},
  url = {http://doi.acm.org/10.1145/1321631.1321714},
  doi = {10.1145/1321631.1321714},
  acmid = {1321714},
  publisher = {ACM},
  address = {New York, NY, USA},
  keywords = {GSTView, ISAT, OMML, hard real time, openmodel, reactive system, validation},
  review={não faz referência ao nome do software},
  really_refers_to_software={no},
}

@inproceedings{ZijiangYang:2006:MSR:2674328.2674349,
  author = {Zijiang Yang and Chao Wang and Gupta, A. and Ivancic, F.},
  title = {Mixed Symbolic Representations for Model Checking Software Programs},
  booktitle = {Proceedings of the Fourth ACM and IEEE International Conference on Formal Methods and Models for Co-Design, 2006. MEMOCODE '06. Proceedings.},
  series = {MEMOCODE '06},
  year = {2006},
  isbn = {1-4244-0421-5},
  pages = {17--26},
  numpages = {10},
  url = {http://dx.doi.org/10.1109/MEMCOD.2006.1695896},
  doi = {10.1109/MEMCOD.2006.1695896},
  acmid = {2674349},
  publisher = {IEEE Computer Society},
  address = {Washington, DC, USA},
  keywords = {Boolean-level model checking, mixed symbolic representation, symbolic search algorithm, software model checking, Boolean representation, integer representation, C program modeling, sequential programs},
  review={implementa um estratégia para melhorar a escalabilidade do software, apresenta a teoria utilizada pelos autores originais de ferramenta, cita um artigo sobre o software nas referencias},
  really_refers_to_software={yes},
  contribution_weight={5},
}

@inproceedings{Yu:2007:ASA:1287624.1287671,
  author = {Yu, Fang and Bultan, Tevfik and Peterson, Erik},
  title = {Automated Size Analysis for OCL},
  booktitle = {Proceedings of the the 6th Joint Meeting of the European Software Engineering Conference and the ACM SIGSOFT Symposium on The Foundations of Software Engineering},
  series = {ESEC-FSE '07},
  year = {2007},
  isbn = {978-1-59593-811-4},
  location = {Dubrovnik, Croatia},
  pages = {331--340},
  numpages = {10},
  url = {http://doi.acm.org/10.1145/1287624.1287671},
  doi = {10.1145/1287624.1287671},
  acmid = {1287671},
  publisher = {ACM},
  address = {New York, NY, USA},
  keywords = {OCL, size abstraction, size analysis},
  review={não faz referência ao nome do software},
  really_refers_to_software={no},
}

@article{Yang:2009:MCS:1455229.1455239,
  author = {Yang, Zijiang and Wang, Chao and Gupta, Aarti and Ivan\v{c}i\'{c}, Franjo},
  title = {Model Checking Sequential Software Programs via Mixed Symbolic Analysis},
  journal = {ACM Trans. Des. Autom. Electron. Syst.},
  issue_date = {January 2009},
  volume = {14},
  number = {1},
  month = jan,
  year = {2009},
  issn = {1084-4309},
  pages = {10:1--10:26},
  articleno = {10},
  numpages = {26},
  url = {http://doi.acm.org/10.1145/1455229.1455239},
  doi = {10.1145/1455229.1455239},
  acmid = {1455239},
  publisher = {ACM},
  address = {New York, NY, USA},
  keywords = {Model checking, binary decision diagram, composite symbolic formula, image computation, presburger arithmetic, reachability analysis},
  review={cita o algoritmo implementado no software como referencia e também avaliar sua implementação contra a nova abordagem desenvolvidda neste trabalho, cita mais de um artigo sobre o software na referencias},
  really_refers_to_software={yes},
  contribution_weight={3},
}

@inproceedings{Zhang:2005:ETQ:1101908.1101915,
  author = {Zhang, Dezhuang and Cleaveland, Rance},
  title = {Efficient Temporal-logic Query Checking for Presburger Systems},
  booktitle = {Proceedings of the 20th IEEE/ACM International Conference on Automated Software Engineering},
  series = {ASE '05},
  year = {2005},
  isbn = {1-58113-993-4},
  location = {Long Beach, CA, USA},
  pages = {24--33},
  numpages = {10},
  url = {http://doi.acm.org/10.1145/1101908.1101915},
  doi = {10.1145/1101908.1101915},
  acmid = {1101915},
  publisher = {ACM},
  address = {New York, NY, USA},
  keywords = {Presburger systems, formal methods, model checking, on-the-fly symbolic model checking, query checking},
  review={faz uma comparação com Action Language Verifier (ALV) e cita o software apenas para apresentar o ALV que usa composite, cita o artigo relecionado na revisão estruturada},
  really_refers_to_software={yes},
  contribution_weight={1},
}
