@INPROCEEDINGS{5402900,
  author={Z. Wei and R. Dong and X. Luo and F. Liu},
  booktitle={2009 Third International Conference on Genetic and Evolutionary Computing},
  title={Model Checking Airline Tickets Reservation System Based on BPEL},
  year={2009},
  pages={248-251},
  keywords={Web services;formal verification;reservation computer systems;BPEL;FSM;Promela;Web services;airline tickets reservation system;business flow language;model checking;Automata;Formal verification;Genetics;Petri nets;Protocols;Safety;Software design;Software systems;Web services;Writing},
  doi={10.1109/WGEC.2009.86},
  month={Oct},
  review={não faz referência ao nome do software},
  really_refers_to_software={no},
}

@INPROCEEDINGS{4233695,
  author={Y. Zheng and P. Krause},
  booktitle={2007 Inaugural IEEE-IES Digital EcoSystems and Technologies Conference},
  title={Automata Semantics and Analysis of BPEL},
  year={2007},
  pages={147-152},
  keywords={Web services;data handling;finite state machines;formal languages;formal verification;BPEL analysis;Mealy machines;Web service;automata semantics;business process execution language;control handling;data handling;distributed computing;finite state machine;formal model;formal semantics;Automata;Automatic control;Computer architecture;Data analysis;Data handling;Distributed computing;Ecosystems;Message passing;Testing;Web services;BPEL;Web service;design model analysis;finite state machine},
  doi={10.1109/DEST.2007.371961},
  ISSN={2150-4938},
  month={Feb},
  review={cita um artigo com o nome do software no título, mas sem relação ao software},
  really_refers_to_software={no},
}

@INPROCEEDINGS{989834,
  author={T. Bultan and T. Yavuz-Kahveci},
  booktitle={Proceedings 16th Annual International Conference on Automated Software Engineering (ASE 2001)},
  title={Action Language Verifier},
  year={2001},
  pages={382-386},
  keywords={binary decision diagrams;compiler generators;decidability;formal specification;program verification;specification languages;Action Language Verifier;Action Language specifications;BDD manipulator;CTL properties;Composite Symbolic Library;Presburger arithmetic manipulator;boolean types;compiler;composite symbolic representations;decidability;enumerated types;heuristics;infinite-state symbolic model checker;model checking queries;multiple variable types;reactive software systems;specification language;symbolic manipulator;unbounded integer variables;Arithmetic;Binary decision diagrams;Computer science;Formal specifications;Object oriented modeling;Software libraries;Software systems;Specification languages;Switches;Thyristors},
  doi={10.1109/ASE.2001.989834},
  ISSN={1938-4300},
  month={Nov},
  review={é o mesmo artigo que publicou o software},
  really_refers_to_software={no},
}

@INPROCEEDINGS{1420984,
  author={H. Huang and W. T. Tsai and R. Paul},
  booktitle={Eighth IEEE International Symposium on Object-Oriented Real-Time Distributed Computing (ISORC'05)},
  title={Automated model checking and testing for composite Web services},
  year={2005},
  pages={300-307},
  keywords={Internet;automatic programming;data flow analysis;formal verification;ontologies (artificial intelligence);program testing;specification languages;BLAST model checker;OWL-S;PDDL;Planning Domain Definition Language;Web ontology language;automated model checking;automated test case generation;collaborative verification;composite Web service;control flow model;distributed computing;testing;validation;Automatic control;Automatic testing;Concurrent computing;Distributed computing;Logic;Object oriented modeling;Specification languages;Switches;Web services;XML},
  doi={10.1109/ISORC.2005.16},
  ISSN={1555-0885},
  month={May},
  review={?},
  really_refers_to_software={yes},
}

@ARTICLE{708566,
  author={W. Chan and R. J. Anderson and P. Beame and S. Burns and F. Modugno and D. Notkin and J. D. Reese},
  journal={IEEE Transactions on Software Engineering},
  title={Model checking large software specifications},
  year={1998},
  volume={24},
  number={7},
  pages={498-520},
  keywords={air traffic control;formal specification;formal verification;safety-critical software;Traffic Alert and Collision Avoidance System II;aircraft collision avoidance;large software specifications;specification development;state-based system requirements specification;symbolic model checking;Aerospace electronics;Air traffic control;Aircraft;Boolean functions;Collision avoidance;Data structures;Hardware;Road accidents;Software systems;Traffic control},
  doi={10.1109/32.708566},
  ISSN={0098-5589},
  month={Jul},
  review={cita o nome do software em trechos de código e outros locais sem relação com o software de fato},
  really_refers_to_software={no},
}

@INPROCEEDINGS{1695895,
  author={T. Bultan and C. Heitmeyer},
  booktitle={Fourth ACM and IEEE International Conference on Formal Methods and Models for Co-Design, 2006. MEMOCODE '06. Proceedings.},
  title={Analyzing tabular requirements specifications using infinite state model checking},
  year={2006},
  pages={7-16},
  keywords={cost reduction;formal specification;program verification;software cost estimation;action language verifier;coverage property;disjointness property;formal analysis;infinite state model checking;requirements specifications;software cost reduction;tabular requirements specification;Air traffic control;Application software;Control systems;Costs;Creep;Formal languages;Laboratories;Power generation;Software safety;Thyristors},
  doi={10.1109/MEMCOD.2006.1695895},
  month={July},
  review={?},
  really_refers_to_software={yes},
}

@INPROCEEDINGS{1314728,
  author={Xiang Fu and T. Bultan and Jianwen Su},
  booktitle={Proceedings. IEEE International Conference on Web Services, 2004.},
  title={Realizability of conversation protocols with message contents},
  year={2004},
  pages={96-103},
  keywords={Internet;electronic data interchange;formal specification;protocols;Web service composition;autonomy condition analysis;control flows;conversation protocol realizability;data content;data semantics;global behavior specification;iterative refinement;message contents;realizability condition;state-space explosion;symbolic analysis technique;top-down specification framework;Asynchronous communication;Computer science;Data analysis;Explosions;Formal verification;Iterative methods;Java;Microstrip;Protocols;Web services},
  doi={10.1109/ICWS.2004.1314728},
  month={July},
  review={?},
  really_refers_to_software={yes},
}
