@inproceedings{Chen:2012:PAT:2351676.2351697,
  author = {Chen, Ning and Kim, Sunghun},
  title = {Puzzle-based Automatic Testing: Bringing Humans into the Loop by Solving Puzzles},
  booktitle = {Proceedings of the 27th IEEE/ACM International Conference on Automated Software Engineering},
  series = {ASE 2012},
  year = {2012},
  isbn = {978-1-4503-1204-2},
  location = {Essen, Germany},
  pages = {140--149},
  numpages = {10},
  url = {http://doi.acm.org/10.1145/2351676.2351697},
  doi = {10.1145/2351676.2351697},
  acmid = {2351697},
  publisher = {ACM},
  address = {New York, NY, USA},
  keywords = {Code Coverage, Human Computation, Testing},
  review={mesmo artigo selecionado na revisão estruturada},
  really_refers_to_software={yes},
  mention_type={contribute},
  contribution_weight={1},
  step={study1},
  conference={ASE},
}

@inproceedings{Wang:2017:DAT:3103112.3103124,
  author = {Wang, Junjie and Cui, Qiang and Wang, Song and Wang, Qing},
  title = {Domain Adaptation for Test Report Classification in Crowdsourced Testing},
  booktitle = {Proceedings of the 39th International Conference on Software Engineering: Software Engineering in Practice Track},
  series = {ICSE-SEIP '17},
  year = {2017},
  isbn = {978-1-5386-2717-4},
  location = {Buenos Aires, Argentina},
  pages = {83--92},
  numpages = {10},
  url = {https://doi.org/10.1109/ICSE-SEIP.2017.8},
  doi = {10.1109/ICSE-SEIP.2017.8},
  acmid = {3103124},
  publisher = {IEEE Press},
  address = {Piscataway, NJ, USA},
  keywords = {crowdsourced testing, deep learning, domain adaptation, test report classification},
  review={cita o artigo selecionado na revisão estruturada},
  really_refers_to_software={no},
}

@inproceedings{Orso:2014:STR:2593882.2593885,
  author = {Orso, Alessandro and Rothermel, Gregg},
  title = {Software Testing: A Research Travelogue (2000--2014)},
  booktitle = {Proceedings of the on Future of Software Engineering},
  series = {FOSE 2014},
  year = {2014},
  isbn = {978-1-4503-2865-4},
  location = {Hyderabad, India},
  pages = {117--132},
  numpages = {16},
  url = {http://doi.acm.org/10.1145/2593882.2593885},
  doi = {10.1145/2593882.2593885},
  acmid = {2593885},
  publisher = {ACM},
  address = {New York, NY, USA},
  keywords = {Software testing},
  review={cita o artigo selecionado na revisão estruturada},
  really_refers_to_software={no},
}
