@ARTICLE{5487640,
  author={O. Tkachuk and M. B. Dwyer},
  journal={IET Software},
  title={Environment generation for validating event-driven software using model checking},
  year={2010},
  volume={4},
  number={3},
  pages={194-209},
  keywords={Internet;graphical user interfaces;program testing;program verification;Web-based applications;Web-based services;bandera environment generator;business logic;distributed programs;environment generation;event-driven software validation;graphical user interfaces;interface software;software model checking techniques;storage tier functionality},
  doi={10.1049/iet-sen.2009.0017},
  ISSN={1751-8806},
  month={June},
}

@inproceedings{Tkachuk:2006:AAE:1146238.1146262,
  author = {Tkachuk, Oksana and Rajan, Sreeranga P.},
  title = {Application of Automated Environment Generation to Commercial Software},
  booktitle = {Proceedings of the 2006 International Symposium on Software Testing and Analysis},
  series = {ISSTA '06},
  year = {2006},
  isbn = {1-59593-263-1},
  location = {Portland, Maine, USA},
  pages = {203--214},
  numpages = {12},
  url = {http://doi.acm.org/10.1145/1146238.1146262},
  doi = {10.1145/1146238.1146262},
  acmid = {1146262},
  publisher = {ACM},
  address = {New York, NY, USA},
  keywords = {environment generation, modular model checking},
}

@inproceedings{Tkachuk:2007:CEG:1321631.1321694,
  author = {Tkachuk, Oksana and Rajan, Sreeranga P.},
  title = {Combining Environment Generation and Slicing for Modular Software Model Checking},
  booktitle = {Proceedings of the Twenty-second IEEE/ACM International Conference on Automated Software Engineering},
  series = {ASE '07},
  year = {2007},
  isbn = {978-1-59593-882-4},
  location = {Atlanta, Georgia, USA},
  pages = {401--404},
  numpages = {4},
  url = {http://doi.acm.org/10.1145/1321631.1321694},
  doi = {10.1145/1321631.1321694},
  acmid = {1321694},
  publisher = {ACM},
  address = {New York, NY, USA},
  keywords = {environment generation, modular model checking, slicing},
}
