@inproceedings{5954399,
  author = {M. Harman},
  booktitle = {2011 IEEE Fourth International Conference on Software Testing, Verification and Validation Workshops},
  title = {Making the Case for MORTO: Multi Objective Regression Test Optimization},
  year = {2011},
  pages = {111-114},
  keywords = {optimisation;program testing;regression analysis;multiobjective regression test optimization;test prioritization;test selection;Conferences;IEEE Computer Society Press;Minimization;Optimization;Software engineering;Testing;USA Councils;SBSE;Search Based Software Engineering;regression testing;test prioritization;test selection;testing},
  doi = {10.1109/ICSTW.2011.60},
  month = {March},
  review = {não faz referência ao nome do software},
  really_refers_to_software = {no},
}

@article{6370553,
  journal = {IEEE Spectrum},
  title = {Forum},
  year = {1985},
  volume = {22},
  number = {2},
  pages = {8-16},
  doi = {10.1109/MSPEC.1985.6370553},
  issn = {0018-9235},
  month = {Feb},
  review = {não faz referência ao nome do software},
  really_refers_to_software = {no},
}

@inproceedings{4293571,
  author = {J. C. Sanchez and L. Williams and E. M. Maximilien},
  booktitle = {Agile 2007 (AGILE 2007)},
  title = {On the Sustained Use of a Test-Driven Development Practice at IBM},
  year = {2007},
  pages = {5-14},
  keywords = {Java;program testing;software engineering;IBM;Java-implemented product;TDD;automated tests;code complexity;cyclomatic complexity metric;test-driven development practice;Automatic control;Automatic testing;Computer science;Java;Process design;Production;Productivity;Programming profession;Software testing;Writing},
  doi = {10.1109/AGILE.2007.43},
  month = {Aug},
  review = {não faz referência ao nome do software},
  really_refers_to_software = {no},
}

@article{7823340,
  author = {G. Muhammad and S. M. M. Rahman and A. Alelaiwi and A. Alamri},
  journal = {IEEE Communications Magazine},
  title = {Smart Health Solution Integrating IoT and Cloud: A Case Study of Voice Pathology Monitoring},
  year = {2017},
  volume = {55},
  number = {1},
  pages = {69-73},
  keywords = {Internet of Things;cloud computing;medical signal processing;neural nets;signal classification;signal representation;speech processing;Internet of Things;IoT-cloud;extreme learning machine classifier;local binary pattern;smart health;voice pathology monitoring;voice signal mel-spectrum representation;Biomedical monitoring;Cloud computing;Internet of things;Medical services;Mobile communication;Pathology;Patient monitoring;Speech processing},
  doi = {10.1109/MCOM.2017.1600425CM},
  issn = {0163-6804},
  month = {January},
  review = {não faz referência ao nome do software},
  really_refers_to_software = {no},
}

@inproceedings{Judd:2005:SMC:1080148.1080161,
  author = {Judd, Glenn and Steenkiste, Peter},
  title = {A Simple Mechanism for Capturing and Replaying Wireless Channels},
  booktitle = {Proceedings of the 2005 ACM SIGCOMM Workshop on Experimental Approaches to Wireless Network Design and Analysis},
  series = {E-WIND '05},
  year = {2005},
  isbn = {1-59593-026-4},
  location = {Philadelphia, Pennsylvania, USA},
  pages = {58--63},
  numpages = {6},
  url = {http://doi.acm.org/10.1145/1080148.1080161},
  doi = {10.1145/1080148.1080161},
  acmid = {1080161},
  publisher = {ACM},
  address = {New York, NY, USA},
  keywords = {channel capture, emulation, wireless},
  review = {não faz referência ao nome do software},
  really_refers_to_software = {no},
}

@article{2005:1061874,
  journal = {SIGSOFT Softw. Eng. Notes},
  year = {2005},
  issn = {0163-5948},
  volume = {30},
  number = {3},
  issue_date = {May 2005},
  publisher = {ACM},
  address = {New York, NY, USA},
  key = {{$\!\!$}},
  review = {resultado da busca sem titulo, numero doi, autor, etc},
  really_refers_to_software = {no},
}

@inproceedings{Huang:2014:ARP:2554850.2554854,
  author = {Huang, Rubing and Chen, Jinfu and Li, Zhicheng and Wang, Rongcun and Lu, Yansheng},
  title = {Adaptive Random Prioritization for Interaction Test Suites},
  booktitle = {Proceedings of the 29th Annual ACM Symposium on Applied Computing},
  series = {SAC '14},
  year = {2014},
  isbn = {978-1-4503-2469-4},
  location = {Gyeongju, Republic of Korea},
  pages = {1058--1063},
  numpages = {6},
  url = {http://doi.acm.org/10.1145/2554850.2554854},
  doi = {10.1145/2554850.2554854},
  acmid = {2554854},
  publisher = {ACM},
  address = {New York, NY, USA},
  keywords = {adaptive random prioritization, algorithm, combinatorial interaction testing, interaction coverage, interaction test suite, random prioritization, test case prioritization},
  review = {não faz referência ao nome do software},
  really_refers_to_software = {no},
}

@article{757619,
  journal = {IEEE Std 493-1997 [IEEE Gold Book]},
  title = {IEEE Recommended Practice for the Design of Reliable Industrial and Commercial Power Systems (Gold Book)},
  year = {1998},
  pages = {1-464},
  keywords = {industrial power systems;IEEE Recommended Practice;economic evaluation;equipment reliability;grounding;installation practices;maintenance practices;power distribution system planning;power outage costs;power system reliability evaluation;preventive maintenance;probability methods;reliability analysis;reliable commercial power system design;standby power;Industrial power systems;The fundamentals of reliability analysis to the planning and design of industrial and commercial electric ower distribution systems are presented},
  doi = {10.1109/IEEESTD.1998.89291},
  month = {Aug},
  review = {não faz referência ao nome do software},
  really_refers_to_software = {no},
}

@article{Squicciarini:2010:PPS:1921763.1921801,
  author = {Squicciarini, Anna C. and Shehab, Mohamed and Wede, Joshua},
  title = {Privacy Policies for Shared Content in Social Network Sites},
  journal = {The VLDB Journal},
  issue_date = {December 2010},
  volume = {19},
  number = {6},
  month = {December},
  year = {2010},
  issn = {1066-8888},
  pages = {777--796},
  numpages = {20},
  url = {http://dx.doi.org/10.1007/s00778-010-0193-7},
  doi = {10.1007/s00778-010-0193-7},
  acmid = {1921801},
  publisher = {Springer-Verlag New York, Inc.},
  address = {Secaucus, NJ, USA},
  keywords = {Clarke-Tax, Game theory, Privacy, Social networks},
  review = {não faz referência ao nome do software},
  really_refers_to_software = {no},
}

@inproceedings{Fitch:1969:ULD:800260.809039,
  author = {Fitch, A. E.},
  title = {A User Looks at Da\&Mdash;Yesterday, Today, Tomorrow},
  booktitle = {Proceedings of the 6th Annual Design Automation Conference},
  series = {DAC '69},
  year = {1969},
  pages = {371--382},
  numpages = {12},
  url = {http://doi.acm.org/10.1145/800260.809039},
  doi = {10.1145/800260.809039},
  acmid = {809039},
  publisher = {ACM},
  address = {New York, NY, USA},
  review = {não faz referência ao nome do software},
  really_refers_to_software = {no},
}

@article{6770185,
  author = {S. Sabnis and M. Verbruggen and J. Hickey and A. J. McBride},
  journal = {Bell Labs Technical Journal},
  title = {Intrinsically secure next-generation networks},
  year = {2012},
  volume = {17},
  number = {3},
  pages = {17-36},
  doi = {10.1002/bltj.21556},
  issn = {1089-7089},
  month = {Dec},
  review = {não faz referência ao nome do software},
  really_refers_to_software = {no},
}

@inbook{6281092,
  author = {Michael L. Dertouzos and Joel Moses},
  booktitle = {The Computer Age:A Twenty-Year View},
  title = {Index},
  year = {1980},
  pages = {467-491},
  publisher = {MIT Press},
  isbn = {9780262256001},
  url = {http://ieeexplore.ieee.org/xpl/articleDetails.jsp?arnumber=6281092},
  review = {não faz referência ao nome do software},
  really_refers_to_software = {no},
}

@article{Moore:2014:RLC:2627435.2627456,
  author = {Moore, Brett L. and Pyeatt, Larry D. and Kulkarni, Vivekanand and Panousis, Periklis and Padrez, Kevin and Doufas, Anthony G.},
  title = {Reinforcement Learning for Closed-loop Propofol Anesthesia: A Study in Human Volunteers},
  journal = {J. Mach. Learn. Res.},
  issue_date = {January 2014},
  volume = {15},
  number = {1},
  month = {January},
  year = {2014},
  issn = {1532-4435},
  pages = {655--696},
  numpages = {42},
  url = {http://dl.acm.org/citation.cfm?id=2627435.2627456},
  acmid = {2627456},
  publisher = {JMLR.org},
  keywords = {anesthesia, bispectral index, closed-loop control, hypnosis, propofol, reinforcement learning},
  review = {não faz referência ao nome do software},
  really_refers_to_software = {no},
}

