@inproceedings{Felsing:2014:ARV:2642937.2642987,
  author = {Felsing, Dennis and Grebing, Sarah and Klebanov, Vladimir and R\"{u}mmer, Philipp and Ulbrich, Mattias},
  title = {Automating Regression Verification},
  booktitle = {Proceedings of the 29th ACM/IEEE International Conference on Automated Software Engineering},
  series = {ASE '14},
  year = {2014},
  isbn = {978-1-4503-3013-8},
  location = {Vasteras, Sweden},
  pages = {349--360},
  numpages = {12},
  url = {http://doi.acm.org/10.1145/2642937.2642987},
  doi = {10.1145/2642937.2642987},
  acmid = {2642987},
  publisher = {ACM},
  address = {New York, NY, USA},
  keywords = {formal methods, invariant generation, program equivalence, regression verification},
  review={artigo selecionado na revis√£o estruturada},
  really_refers_to_software={yes},
  contribution_weight={1},
  step={structured-review},
  conference={ASE},
}
