@inproceedings{Zhang:2009:JMJ:1747491.1747582,
  author = {Zhang, Lingming and Zhou, Ji and Hao, Dan and Zhang, Lu and Mei, Hong},
  title = {Jtop: Managing JUnit Test Cases in Absence of Coverage Information},
  booktitle = {Proceedings of the 2009 IEEE/ACM International Conference on Automated Software Engineering},
  series = {ASE '09},
  year = {2009},
  isbn = {978-0-7695-3891-4},
  pages = {677--679},
  numpages = {3},
  url = {http://dx.doi.org/10.1109/ASE.2009.22},
  doi = {10.1109/ASE.2009.22},
  acmid = {1747582},
  publisher = {IEEE Computer Society},
  address = {Washington, DC, USA},
  keywords = {regression test case selection, test case prioritization, test suite reduction},
  review = {mesmo artigo selecionado na revisão estruturada},
  really_refers_to_software = {yes},
  contribution_weight = {1},
  step = {structured-review},
  conference = {ASE},
}

@article{Hao:2014:UTC:2702120.2685614,
  author = {Hao, Dan and Zhang, Lingming and Zhang, Lu and Rothermel, Gregg and Mei, Hong},
  title = {A Unified Test Case Prioritization Approach},
  journal = {ACM Trans. Softw. Eng. Methodol.},
  issue_date = {December 2014},
  volume = {24},
  number = {2},
  month = {December},
  year = {2014},
  issn = {1049-331X},
  pages = {10:1--10:31},
  articleno = {10},
  numpages = {31},
  url = {http://doi.acm.org/10.1145/2685614},
  doi = {10.1145/2685614},
  acmid = {2685614},
  publisher = {ACM},
  address = {New York, NY, USA},
  keywords = {Software testing, additional strategy, test case prioritization, total strategy},
  review = {usa o software},
  really_refers_to_software = {yes},
  contribution_weight = {0.25},
}

@inproceedings{7380585,
  author = {P. Dhareula and A. Ganpati},
  booktitle = {2015 International Conference on Green Computing and Internet of Things (ICGCIoT)},
  title = {Prevalent criteria's in regression test case selection techniques: An exploratory study},
  year = {2015},
  pages = {871-876},
  keywords = {granular computing;program testing;RTS;code-based testing;regression test case selection technique;test case optimization;Databases;Fault diagnosis;Flow graphs;Optimization;Software;Testing;Unified modeling language;Regression testing;maintenance;selection techniques;test case selection},
  doi = {10.1109/ICGCIoT.2015.7380585},
  month = {Oct},
  review = {cita na revisão de literatura o artigo selecionado na revisão estruturada},
  really_refers_to_software = {no},
}

