@inproceedings{Near:2014:DIS:2642937.2643012,
  author = {Near, Joseph P. and Jackson, Daniel},
  title = {Derailer: Interactive Security Analysis for Web Applications},
  booktitle = {Proceedings of the 29th ACM/IEEE International Conference on Automated Software Engineering},
  series = {ASE '14},
  year = {2014},
  isbn = {978-1-4503-3013-8},
  location = {Vasteras, Sweden},
  pages = {587--598},
  numpages = {12},
  url = {http://doi.acm.org/10.1145/2642937.2643012},
  doi = {10.1145/2642937.2643012},
  acmid = {2643012},
  publisher = {ACM},
  address = {New York, NY, USA},
  keywords = {security, static analysis, web applications},
  review={artigo selecionado na revis√£o estruturada},
  really_refers_to_software={yes},
  contribution_weight={1},
  step={structured-review},
  conference={ASE},
}
