@inproceedings{1386169,
  author = {K. Maruyama and S. Yamamoto},
  booktitle = {Source Code Analysis and Manipulation, Fourth IEEE International Workshop on},
  title = {A CASE tool platform using an XML representation of Java source code},
  year = {2004},
  pages = {158-167},
  keywords = {Java;XML;computer aided software engineering;source coding;CASE tool;Java source code;XML representation;abstract syntax tree;global semantic analysis;source code tools;Application software;Collaborative software;Collaborative tools;Computer aided software engineering;Computer science;Information analysis;Information systems;Java;Software tools;XML},
  doi = {10.1109/SCAM.2004.1},
  month = {Sept},
  review = {mesmo artigo selecionado na revisão estruturada},
  really_refers_to_software = {yes},
  contribution_weight = {1},
  step = {structured-review},
  conference = {SCAM},
}

@inproceedings{1421035,
  author = {K. Maruyama and S. Yamamoto},
  booktitle = {13th International Workshop on Program Comprehension (IWPC'05)},
  title = {Design and implementation of an extensible and modifiable refactoring tool},
  year = {2005},
  pages = {195-204},
  keywords = {XML;flow graphs;object-oriented programming;reverse engineering;software maintenance;software reusability;software tools;AST;CFG;IDE;Jrbx;PDG;XML representation;abstract syntax tree;control flow graph;extensible refactoring tool design;modifiable refactoring tool;object-oriented software maintenance;program dependence graph;source code;Computer science;Conferences;Flow graphs;Information analysis;Information systems;Programming profession;Registers;Software maintenance;Tree graphs;XML},
  doi = {10.1109/WPC.2005.17},
  issn = {1092-8138},
  month = {May},
  review = {apresenta o software em detalhes, usa como parte da solução Jrbx para gerenciar código fonte através de XML, disponibiliza tanto o software quando o Jrbx em http://www.jtool.org, cita o software nas referencias http://www.sapid.org},
  really_refers_to_software = {yes},
  contribution_weight = {0.5},
}

@inproceedings{4137432,
  author = {K. Maruyama},
  booktitle = {2006 13th Asia Pacific Software Engineering Conference (APSEC'06)},
  title = {An Accurate and Convenient Undo Mechanism for Refactorings},
  year = {2006},
  pages = {309-316},
  keywords = {software maintenance;refactorings;software development;software maintenance;source code;undo mechanism;Asia;Computer languages;Computer science;Concrete;Java;Manuals;Monitoring;Programming profession;Software maintenance;Software tools},
  doi = {10.1109/APSEC.2006.18},
  issn = {1530-1362},
  month = {Dec},
  review = {usa o software para compor a solução apresentada, Jrbx (Java Refactoring Browser)},
  really_refers_to_software = {yes},
  contribution_weight = {0.25},
}

@inproceedings{1607169,
  author = {T. Omori and K. Maruyama},
  booktitle = {12th Asia-Pacific Software Engineering Conference (APSEC'05)},
  title = {An easy-to-use extension mechanism using XML for an integrated development environment},
  year = {2005},
  pages = {8 pp.-},
  keywords = {XML;configuration management;data encapsulation;programming environments;IDE;XML-based configurations;easy-to-use extension mechanism;encapsulation;integrated development environment;Application software;Graphical user interfaces;Large-scale systems;Mice;Power system reliability;Prototypes;Software engineering;Software prototyping;Writing;XML},
  doi = {10.1109/APSEC.2005.34},
  issn = {1530-1362},
  month = {Dec},
  review = {propõe um sistema que usa o formato de XML definido pelo software, XSDML},
  really_refers_to_software = {yes},
  contribution_weight = {0.25},
}

@inproceedings{Li:2012:LMR:2328876.2328881,
  author = {Li, Huiqing and Thompson, Simon},
  title = {Let's Make Refactoring Tools User-extensible!},
  booktitle = {Proceedings of the Fifth Workshop on Refactoring Tools},
  series = {WRT '12},
  year = {2012},
  isbn = {978-1-4503-1500-5},
  location = {Rapperswil, Switzerland},
  pages = {32--39},
  numpages = {8},
  url = {http://doi.acm.org/10.1145/2328876.2328881},
  doi = {10.1145/2328876.2328881},
  acmid = {2328881},
  publisher = {ACM},
  address = {New York, NY, USA},
  keywords = {API, DSL, Erlang, Wrangler, analysis, concrete syntax, extensible, program transformation, refactoring},
  review = {cita o software como trabalho relacionado},
  really_refers_to_software = {yes},
  contribution_weight = {0.1},
}

