@inproceedings{Moreno:2012:JAI:2351676.2351747,
  author = {Moreno, Laura and Marcus, Andrian},
  title = {JStereoCode: Automatically Identifying Method and Class Stereotypes in Java Code},
  booktitle = {Proceedings of the 27th IEEE/ACM International Conference on Automated Software Engineering},
  series = {ASE 2012},
  year = {2012},
  isbn = {978-1-4503-1204-2},
  location = {Essen, Germany},
  pages = {358--361},
  numpages = {4},
  url = {http://doi.acm.org/10.1145/2351676.2351747},
  doi = {10.1145/2351676.2351747},
  acmid = {2351747},
  publisher = {ACM},
  address = {New York, NY, USA},
  keywords = {Code stereotypes, Java, Program comprehension},
  review={mesmo artigo selecionado na revis√£o estruturada},
  really_refers_to_software={yes},
  contribution_weight={1},
  step={study1},
  conference={ASE},
}

@inproceedings{Linares-Vasquez:2015:CTA:2819009.2819144,
  author = {Linares-V\'{a}squez, Mario and Cort{\'e}s-Coy, Luis Fernando and Aponte, Jairo and Poshyvanyk, Denys},
  title = {ChangeScribe: A Tool for Automatically Generating Commit Messages},
  booktitle = {Proceedings of the 37th International Conference on Software Engineering - Volume 2},
  series = {ICSE '15},
  year = {2015},
  location = {Florence, Italy},
  pages = {709--712},
  numpages = {4},
  url = {http://dl.acm.org/citation.cfm?id=2819009.2819144},
  acmid = {2819144},
  publisher = {IEEE Press},
  address = {Piscataway, NJ, USA},
  keywords = {code changes, commit message, summarization},
  review={publica um software ChangeScribe que usa o software JStereoCode},
  really_refers_to_software={yes},
  contribution_weight={0.25},
}

@inproceedings{Duffee:2015:DCM:2821491.2821496,
  author = {Duffee, Boyd and Andras, Peter},
  title = {Detecting Communities of Methods Using Dynamic Analysis Data},
  booktitle = {Proceedings of the Sixth International Workshop on Emerging Trends in Software Metrics},
  series = {WETSoM '15},
  year = {2015},
  location = {Florence, Italy},
  pages = {11--20},
  numpages = {10},
  url = {http://dl.acm.org/citation.cfm?id=2821491.2821496},
  acmid = {2821496},
  publisher = {IEEE Press},
  address = {Piscataway, NJ, USA},
  review={usa o software, cita um artigo sobre o software},
  really_refers_to_software={yes},
  contribution_weight={0.25},
}

@inproceedings{Le:2015:RAL:2820282.2820290,
  author = {Le, Tien-Duy B. and Linares-V\'{a}squez, Mario and Lo, David and Poshyvanyk, Denys},
  title = {RCLinker: Automated Linking of Issue Reports and Commits Leveraging Rich Contextual Information},
  booktitle = {Proceedings of the 2015 IEEE 23rd International Conference on Program Comprehension},
  series = {ICPC '15},
  year = {2015},
  location = {Florence, Italy},
  pages = {36--47},
  numpages = {12},
  url = {http://dl.acm.org/citation.cfm?id=2820282.2820290},
  acmid = {2820290},
  publisher = {IEEE Press},
  address = {Piscataway, NJ, USA},
  review={cita o artigo selecionado na revisao estruturada},
  really_refers_to_software={no},
}
