@INPROCEEDINGS{6494955,
  author={L. Moreno and A. Marcus},
  booktitle={2012 Proceedings of the 27th IEEE/ACM International Conference on Automated Software Engineering},
  title={JStereoCode: automatically identifying method and class stereotypes in Java code},
  year={2012},
  pages={358-361},
  keywords={C++ language;Java;object-oriented programming;reverse engineering;C++ code;Eclipse;JStereoCode;Java project;Java systems;OO code stereotypes;automated reverse engineering;class stereotypes;defect prediction;design patterns;identifying method;low-level patterns;object-oriented code stereotypes;program comprehension;reverse engineering code stereotypes;source code artifact;Code stereotypes;Java;Program comprehension},
  doi={10.1145/2351676.2351747},
  month={Sept},
  review={é o mesmo artigo que publicou o software},
  really_refers_to_software={yes},
  contribution_weight={1},
  step={structured-review},
}

@INPROCEEDINGS{6613855,
  author={L. Moreno and A. Marcus and L. Pollock and K. Vijay-Shanker},
  booktitle={2013 21st International Conference on Program Comprehension (ICPC)},
  title={JSummarizer: An automatic generator of natural language summaries for Java classes},
  year={2013},
  pages={230-232},
  keywords={Java;natural language processing;Eclipse plug-in;JSummarizer;Java classes;automatic generator;generation techniques;natural language processing;natural language summaries;Conferences;Documentation;Java;Natural languages;Software engineering;Software maintenance;Source code summarization;documentation generation;program comprehension},
  doi={10.1109/ICPC.2013.6613855},
  ISSN={1092-8138},
  month={May},
  review={cita o software como exemplo},
  really_refers_to_software={yes},
  contribution_weight={0.1},
}

@INPROCEEDINGS{7181586,
  author={B. Duffee and P. Andras},
  booktitle={2015 IEEE/ACM 6th International Workshop on Emerging Trends in Software Metrics},
  title={Detecting Communities of Methods Using Dynamic Analysis Data},
  year={2015},
  pages={11-20},
  keywords={data analysis;software maintenance;community detection;dynamic analysis data;large-scale software maintenance;multiple execution traces;network analysis;network representations;software functional features;Clustering algorithms;Communities;Context;Measurement;Software algorithms;Software systems;community detection;dynamic analysis;network analysis},
  doi={10.1109/WETSoM.2015.11},
  ISSN={2327-0950},
  month={May},
  review={usa o software, cita um artigo sobre o software},
  really_refers_to_software={yes},
  contribution_weight={0.25},
}

@INPROCEEDINGS{7884622,
  author={X. Wang and L. Pollock and K. Vijay-Shanker},
  booktitle={2017 IEEE 24th International Conference on Software Analysis, Evolution and Reengineering (SANER)},
  title={Automatically generating natural language descriptions for object-related statement sequences},
  year={2017},
  pages={205-216},
  keywords={public domain software;software maintenance;natural language descriptions;object-related action units;object-related statement sequences;open source projects;software maintenance;Algorithm design and analysis;Java;Natural languages;Object recognition;Software;Software algorithms;Syntactics;abstraction;documentation generation;mining code patterns},
  doi={10.1109/SANER.2017.7884622},
  month={Feb},
  review={cita o artigo selecionado na revisão estruturada},
  really_refers_to_software={no},
}

@INPROCEEDINGS{7551998,
  author={J. Shen and X. Sun and B. Li and H. Yang and J. Hu},
  booktitle={2016 IEEE 40th Annual Computer Software and Applications Conference (COMPSAC)},
  title={On Automatic Summarization of What and Why Information in Source Code Changes},
  year={2016},
  volume={1},
  pages={103-112},
  keywords={software maintenance;source code (software);ChangeScribe;automatic summarization;commit messages;software changes;software developer;software maintenance activities;source code changes;Computer bugs;Context;Data mining;Maintenance engineering;Object recognition;Software maintenance;Commit messages;change summarization;code changes},
  doi={10.1109/COMPSAC.2016.162},
  month={June},
  review={usa o software},
  really_refers_to_software={yes},
  contribution_weight={0.25},
}

@INPROCEEDINGS{7203049,
  author={M. Linares-Vásquez and L. F. Cortés-Coy and J. Aponte and D. Poshyvanyk},
  booktitle={2015 IEEE/ACM 37th IEEE International Conference on Software Engineering},
  title={ChangeScribe: A Tool for Automatically Generating Commit Messages},
  year={2015},
  volume={2},
  pages={709-712},
  keywords={software maintenance;system documentation;ChangeScribe;Eclipse plugin;automatic commit message generation;documentation;information source;knowledge source;software maintenance task;Context;Documentation;Java;Semantics;Software;Visualization;XML;Commit message;code changes;summarization},
  doi={10.1109/ICSE.2015.229},
  ISSN={0270-5257},
  month={May},
  review={publica um software ChangeScribe que usa o software JStereoCode},
  really_refers_to_software={yes},
  contribution_weight={0.25},
}

@INPROCEEDINGS{6613830,
  author={L. Moreno and J. Aponte and G. Sridhara and A. Marcus and L. Pollock and K. Vijay-Shanker},
  booktitle={2013 21st International Conference on Program Comprehension (ICPC)},
  title={Automatic generation of natural language summaries for Java classes},
  year={2013},
  pages={23-32},
  keywords={Java;natural language processing;software engineering;system documentation;Java classes;automatic generation;essential information;external documentation;human readable summary;internal documentation;lexicalization tools;natural language summary;software engineering tasks;source code;stereotypes;summarization tool;Context;Documentation;Educational institutions;Java;Natural languages;Production facilities;Taxonomy;Source code summarization;documentation generation;program comprehension},
  doi={10.1109/ICPC.2013.6613830},
  ISSN={1092-8138},
  month={May},
  review={autores do software, testa o software},
  really_refers_to_software={yes},
  contribution_weight={0.25},
}

@INPROCEEDINGS{6619330,
  author={P. Andras and A. Pakhira and L. Moreno and A. Marcus},
  booktitle={2013 4th International Workshop on Emerging Trends in Software Metrics (WETSoM)},
  title={A measure to assess the behavior of method stereotypes in object-oriented software},
  year={2013},
  pages={7-13},
  keywords={object-oriented programming;software engineering;fan-in method calls;fan-out method calls;method stereotypes;object-oriented software;software systems;Context;Frequency measurement;Java;Software measurement;Software systems;Software design;dynamic analysis;dynamic metric;method stereotypes},
  doi={10.1109/WETSoM.2013.6619330},
  ISSN={2327-0950},
  month={May},
  review={usa o software},
  really_refers_to_software={yes},
  contribution_weight={0.25},
}

@ARTICLE{7953505,
  author={P. W. McBurney and S. Jiang and M. Kessentini and N. A. Kraft and A. Armaly and M. W. Mkaouer and C. McMillan},
  journal={IEEE Transactions on Software Engineering},
  title={Towards Prioritizing Documentation Effort},
  year={2017},
  volume={PP},
  number={99},
  pages={1-1},
  keywords={Documentation;Gold;Java;Libraries;Neural networks;Programming;Software;code documentation;program comprehension;software maintenance},
  doi={10.1109/TSE.2017.2716950},
  ISSN={0098-5589},
  month={},
  review={cita em trabalhos futuros o artigo selecionado na revisão estruturada},
  really_refers_to_software={yes},
  contribution_weight={0.1},
}
