@inproceedings{4026855,
  author = {J. Sawin and A. Rountev},
  booktitle = {2006 Sixth IEEE International Workshop on Source Code Analysis and Manipulation},
  title = {Estimating the Run-Time Progress of a Call Graph Construction Algorithm},
  year = {2006},
  pages = {53-62},
  keywords = {Algorithm design and analysis;Bars;Conferences;Graphical user interfaces;Information analysis;Java;Performance analysis;Programming profession;Runtime;State estimation},
  doi = {10.1109/SCAM.2006.12},
  month = {Sept},
  review = {mesmo artigo selecionado na revisão estruturada},
  really_refers_to_software = {yes},
  contribution_weight = {1},
  step = {structured-review},
  conference = {SCAM},
}

@inproceedings{Sawin:2006:GRP:1188835.1188844,
  author = {Sawin, Jason and Sharp, Mariana and Rountev, Atanas},
  title = {Generating Run-time Progress Reports for a Points-to Analysis in Eclipse},
  booktitle = {Proceedings of the 2006 OOPSLA Workshop on Eclipse Technology eXchange},
  series = {eclipse '06},
  year = {2006},
  isbn = {1-59593-621-1},
  location = {Portland, Oregon, USA},
  pages = {40--44},
  numpages = {5},
  url = {http://doi.acm.org/10.1145/1188835.1188844},
  doi = {10.1145/1188835.1188844},
  acmid = {1188844},
  publisher = {ACM},
  address = {New York, NY, USA},
  review = {cita o software como trabalho anterior sobre Rapid Type Analysis (RTA), construção de call graphs},
  really_refers_to_software = {yes},
  contribution_weight = {0.1},
}

@inproceedings{Sharp:2005:BWT:1117696.1117698,
  author = {Sharp, Mariana and Sawin, Jason and Rountev, Atanas},
  title = {Building a Whole-program Type Analysis in Eclipse},
  booktitle = {Proceedings of the 2005 OOPSLA Workshop on Eclipse Technology eXchange},
  series = {eclipse '05},
  year = {2005},
  isbn = {1-59593-342-5},
  location = {San Diego, California},
  pages = {6--10},
  numpages = {5},
  url = {http://doi.acm.org/10.1145/1117696.1117698},
  doi = {10.1145/1117696.1117698},
  acmid = {1117698},
  publisher = {ACM},
  address = {New York, NY, USA},
  review = {usa o software para análise (presto.cse.ohio-state.edu/tacle) e coleta de dados, cita planos de implementar melhorias no software},
  really_refers_to_software = {yes},
  contribution_weight = {0.25},
}

@article{7436657,
  author = {G. Hatzivasilis and I. Papaefstathiou and C. Manifavas},
  journal = {IEEE Software},
  title = {Software Security, Privacy, and Dependability: Metrics and Measurement},
  year = {2016},
  volume = {33},
  number = {4},
  pages = {46-54},
  keywords = {data privacy;security of data;software metrics;software quality;SPD methodology;data protection;dependability;embedded software;isolation;measurement methodologies;metrics;nSHIELD project;personal information;privacy;protection level;protection mechanisms;social mobility scenario;social networking;software security;software system;ubiquitous computing;Computer security;Privacy;Process control;Software measurement;Software security;measurement;metrics;nSHIELD;privacy;risk management;security;software dependability;software development;software engineering;software quality assurance;software reliability;verification and validation},
  doi = {10.1109/MS.2016.61},
  issn = {0740-7459},
  month = {July},
  review = {não faz referência ao nome do software},
  really_refers_to_software = {no},
}

