@inproceedings{Zhang:2009:JMJ:1747491.1747582,
  author = {Zhang, Lingming and Zhou, Ji and Hao, Dan and Zhang, Lu and Mei, Hong},
  title = {Jtop: Managing JUnit Test Cases in Absence of Coverage Information},
  booktitle = {Proceedings of the 2009 IEEE/ACM International Conference on Automated Software Engineering},
  series = {ASE '09},
  year = {2009},
  isbn = {978-0-7695-3891-4},
  pages = {677--679},
  numpages = {3},
  url = {http://dx.doi.org/10.1109/ASE.2009.22},
  doi = {10.1109/ASE.2009.22},
  acmid = {1747582},
  publisher = {IEEE Computer Society},
  address = {Washington, DC, USA},
  keywords = {regression test case selection, test case prioritization, test suite reduction},
  review={mesmo artigo selecionado na revis√£o estruturada},
  really_refers_to_software={yes},
  mention_type={contribute},
  contribution_weight={1},
  step={study1},
  conference={ASE},
}

@article{Hao:2014:UTC:2702120.2685614,
  author = {Hao, Dan and Zhang, Lingming and Zhang, Lu and Rothermel, Gregg and Mei, Hong},
  title = {A Unified Test Case Prioritization Approach},
  journal = {ACM Trans. Softw. Eng. Methodol.},
  issue_date = {December 2014},
  volume = {24},
  number = {2},
  month = dec,
  year = {2014},
  issn = {1049-331X},
  pages = {10:1--10:31},
  articleno = {10},
  numpages = {31},
  url = {http://doi.acm.org/10.1145/2685614},
  doi = {10.1145/2685614},
  acmid = {2685614},
  publisher = {ACM},
  address = {New York, NY, USA},
  keywords = {Software testing, additional strategy, test case prioritization, total strategy},
  review={usa o software},
  really_refers_to_software={yes},
  mention_type={use},
}
