@inproceedings{Alshahwan:2011:AWA:2190078.2190141,
  author = {Alshahwan, Nadia and Harman, Mark},
  title = {Automated Web Application Testing Using Search Based Software Engineering},
  booktitle = {Proceedings of the 2011 26th IEEE/ACM International Conference on Automated Software Engineering},
  series = {ASE '11},
  year = {2011},
  isbn = {978-1-4577-1638-6},
  pages = {3--12},
  numpages = {10},
  url = {http://dx.doi.org/10.1109/ASE.2011.6100082},
  doi = {10.1109/ASE.2011.6100082},
  acmid = {2190141},
  publisher = {IEEE Computer Society},
  address = {Washington, DC, USA},
  review={artigo selecionado na revis√£o estruturada},
  really_refers_to_software={yes},
  contribution_weight={10},
  step={structured-review},
}
