@inproceedings{Witkowski:2007:MCC:1321631.1321719,
  author = {Witkowski, Thomas and Blanc, Nicolas and Kroening, Daniel and Weissenbacher, Georg},
  title = {Model Checking Concurrent Linux Device Drivers},
  booktitle = {Proceedings of the Twenty-second IEEE/ACM International Conference on Automated Software Engineering},
  series = {ASE '07},
  year = {2007},
  isbn = {978-1-59593-882-4},
  location = {Atlanta, Georgia, USA},
  pages = {501--504},
  numpages = {4},
  url = {http://doi.acm.org/10.1145/1321631.1321719},
  doi = {10.1145/1321631.1321719},
  acmid = {1321719},
  publisher = {ACM},
  address = {New York, NY, USA},
  keywords = {device driver, linux, model checking, predicate abstraction},
  review={artigo selecionado na revis√£o estruturada},
  really_refers_to_software={yes},
  reference_weight={1},
}
