@inproceedings{Thummalapenta:2007:PPA:1321631.1321663,
  author = {Thummalapenta, Suresh and Xie, Tao},
  title = {Parseweb: A Programmer Assistant for Reusing Open Source Code on the Web},
  booktitle = {Proceedings of the Twenty-second IEEE/ACM International Conference on Automated Software Engineering},
  series = {ASE '07},
  year = {2007},
  isbn = {978-1-59593-882-4},
  location = {Atlanta, Georgia, USA},
  pages = {204--213},
  numpages = {10},
  url = {http://doi.acm.org/10.1145/1321631.1321663},
  doi = {10.1145/1321631.1321663},
  acmid = {1321663},
  publisher = {ACM},
  address = {New York, NY, USA},
  keywords = {code examples, code reuse, code search engine, ranking code samples},
  review={mesmo artigo selecionado na revisão estruturada},
  really_refers_to_software={yes},
  contribution_weight={10},
  step={structured-review},
}

@inproceedings{Nguyen:2014:CSH:2566486.2568023,
  author = {Nguyen, Andy and Piech, Christopher and Huang, Jonathan and Guibas, Leonidas},
  title = {Codewebs: Scalable Homework Search for Massive Open Online Programming Courses},
  booktitle = {Proceedings of the 23rd International Conference on World Wide Web},
  series = {WWW '14},
  year = {2014},
  isbn = {978-1-4503-2744-2},
  location = {Seoul, Korea},
  pages = {491--502},
  numpages = {12},
  url = {http://doi.acm.org/10.1145/2566486.2568023},
  doi = {10.1145/2566486.2568023},
  acmid = {2568023},
  publisher = {ACM},
  address = {New York, NY, USA},
  keywords = {AST, MOOC, abstract syntax tree, canonicalization, code search, coursera, education, massive open online course, octave, semantic equivalence, student feedback},
  review={cita o artigo selecionado na revisão estruturada},
  really_refers_to_software={no},
}

@inproceedings{Zhang:2016:BDA:2950290.2983955,
  author = {Zhang, Hongyu and Jain, Anuj and Khandelwal, Gaurav and Kaushik, Chandrashekhar and Ge, Scott and Hu, Wenxiang},
  title = {Bing Developer Assistant: Improving Developer Productivity by Recommending Sample Code},
  booktitle = {Proceedings of the 2016 24th ACM SIGSOFT International Symposium on Foundations of Software Engineering},
  series = {FSE 2016},
  year = {2016},
  isbn = {978-1-4503-4218-6},
  location = {Seattle, WA, USA},
  pages = {956--961},
  numpages = {6},
  url = {http://doi.acm.org/10.1145/2950290.2983955},
  doi = {10.1145/2950290.2983955},
  acmid = {2983955},
  publisher = {ACM},
  address = {New York, NY, USA},
  keywords = {API, API Usage Extraction, Code Search, GitHub, Software Reuse},
  review={cita o software como trabalho relacionado},
  really_refers_to_software={yes},
  contribution_weight={1},
}

@inproceedings{Amintabar:2015:ESR:2820282.2820332,
  author = {Amintabar, Vahid and Heydarnoori, Abbas and Ghafari, Mohammad},
  title = {ExceptionTracer: A Solution Recommender for Exceptions in an Integrated Development Environment},
  booktitle = {Proceedings of the 2015 IEEE 23rd International Conference on Program Comprehension},
  series = {ICPC '15},
  year = {2015},
  location = {Florence, Italy},
  pages = {299--302},
  numpages = {4},
  url = {http://dl.acm.org/citation.cfm?id=2820282.2820332},
  acmid = {2820332},
  publisher = {IEEE Press},
  address = {Piscataway, NJ, USA},
  review={cita o software como trabalho relacionado},
  really_refers_to_software={yes},
  contribution_weight={1},
}

@inproceedings{Keivanloo:2011:TSS:1985429.1985436,
  author = {Keivanloo, Iman and Forbes, Christopher and Rilling, Juergen and Charland, Philippe},
  title = {Towards Sharing Source Code Facts Using Linked Data},
  booktitle = {Proceedings of the 3rd International Workshop on Search-Driven Development: Users, Infrastructure, Tools, and Evaluation},
  series = {SUITE '11},
  year = {2011},
  isbn = {978-1-4503-0597-6},
  location = {Waikiki, Honolulu, HI, USA},
  pages = {25--28},
  numpages = {4},
  url = {http://doi.acm.org/10.1145/1985429.1985436},
  doi = {10.1145/1985429.1985436},
  acmid = {1985436},
  publisher = {ACM},
  address = {New York, NY, USA},
  keywords = {linked data, ontology, semantic web, source code model},
  review={cita que o datased do SECOLD pode ser acessado por outras aplicações, cita o software como exemplo de consulta via HTTP},
  really_refers_to_software={yes},
  contribution_weight={1},
}

@inproceedings{Spasojevic:2016:ORP:2991041.2991048,
  author = {Spasojevi\'{c}, Boris and Ghafari, Mohammad and Nierstrasz, Oscar},
  title = {The Object Repository: Pulling Objects out of the Ecosystem},
  booktitle = {Proceedings of the 11th Edition of the International Workshop on Smalltalk Technologies},
  series = {IWST'16},
  year = {2016},
  isbn = {978-1-4503-4524-8},
  location = {Prague, Czech Republic},
  pages = {7:1--7:10},
  articleno = {7},
  numpages = {10},
  url = {http://doi.acm.org/10.1145/2991041.2991048},
  doi = {10.1145/2991041.2991048},
  acmid = {2991048},
  publisher = {ACM},
  address = {New York, NY, USA},
  keywords = {Ecosystem Analysis, Ecosystem Mining, Object Repository},
  review={cita o software como trabalho relacionado},
  really_refers_to_software={yes},
  contribution_weight={1},
}

@inproceedings{Fast:2014:ECP:2611205.2556998,
  author = {Fast, Ethan and Steffee, Daniel and Wang, Lucy and Brandt, Joel R. and Bernstein, Michael S.},
  title = {Emergent, Crowd-scale Programming Practice in the IDE},
  booktitle = {Proceedings of the 32Nd Annual ACM Conference on Human Factors in Computing Systems},
  series = {CHI '14},
  year = {2014},
  isbn = {978-1-4503-2473-1},
  location = {Toronto, Ontario, Canada},
  pages = {2491--2500},
  numpages = {10},
  url = {http://doi.acm.org/10.1145/2556288.2556998},
  doi = {10.1145/2556288.2556998},
  acmid = {2556998},
  publisher = {ACM},
  address = {New York, NY, USA},
  keywords = {data mining, programming tools},
  review={cita o artigo selecionado na revisão estruturada},
  really_refers_to_software={no},
}

@inproceedings{Fast:2014:ECP:2556288.2556998,
  author = {Fast, Ethan and Steffee, Daniel and Wang, Lucy and Brandt, Joel R. and Bernstein, Michael S.},
  title = {Emergent, Crowd-scale Programming Practice in the IDE},
  booktitle = {Proceedings of the SIGCHI Conference on Human Factors in Computing Systems},
  series = {CHI '14},
  year = {2014},
  isbn = {978-1-4503-2473-1},
  location = {Toronto, Ontario, Canada},
  pages = {2491--2500},
  numpages = {10},
  url = {http://doi.acm.org/10.1145/2556288.2556998},
  doi = {10.1145/2556288.2556998},
  acmid = {2556998},
  publisher = {ACM},
  address = {New York, NY, USA},
  keywords = {data mining, programming tools},
  review={resultado de busca duplicado},
  really_refers_to_software={no},
}

@article{Dagenais:2008:ESA:1449955.1449790,
  author = {Dagenais, Barth{\'e}l{\'e}my and Hendren, Laurie},
  title = {Enabling Static Analysis for Partial Java Programs},
  journal = {SIGPLAN Not.},
  issue_date = {September 2008},
  volume = {43},
  number = {10},
  month = oct,
  year = {2008},
  issn = {0362-1340},
  pages = {313--328},
  numpages = {16},
  url = {http://doi.acm.org/10.1145/1449955.1449790},
  doi = {10.1145/1449955.1449790},
  acmid = {1449790},
  publisher = {ACM},
  address = {New York, NY, USA},
  keywords = {java, partial programs, type inference},
  review={cita o software como único projeto de pesquisa que tem um protótipo para 'type inference' que resolve ambiguidades sintáticas, mas infelizmente não é possível fazer uma avaliação completa do software pois não é publicamente disponível},
  really_refers_to_software={yes},
  contribution_weight={3},
}

@inproceedings{Dagenais:2008:ESA:1449764.1449790,
  author = {Dagenais, Barth{\'e}l{\'e}my and Hendren, Laurie},
  title = {Enabling Static Analysis for Partial Java Programs},
  booktitle = {Proceedings of the 23rd ACM SIGPLAN Conference on Object-oriented Programming Systems Languages and Applications},
  series = {OOPSLA '08},
  year = {2008},
  isbn = {978-1-60558-215-3},
  location = {Nashville, TN, USA},
  pages = {313--328},
  numpages = {16},
  url = {http://doi.acm.org/10.1145/1449764.1449790},
  doi = {10.1145/1449764.1449790},
  acmid = {1449790},
  publisher = {ACM},
  address = {New York, NY, USA},
  keywords = {java, partial programs, type inference},
  review={resultado de busca duplicado},
  really_refers_to_software={no},
}

@inproceedings{Lammel:2011:LAA:1982185.1982471,
  author = {L\"{a}mmel, Ralf and Pek, Ekaterina and Starek, J\"{u}rgen},
  title = {Large-scale, AST-based API-usage Analysis of Open-source Java Projects},
  booktitle = {Proceedings of the 2011 ACM Symposium on Applied Computing},
  series = {SAC '11},
  year = {2011},
  isbn = {978-1-4503-0113-8},
  location = {TaiChung, Taiwan},
  pages = {1317--1324},
  numpages = {8},
  url = {http://doi.acm.org/10.1145/1982185.1982471},
  doi = {10.1145/1982185.1982471},
  acmid = {1982471},
  publisher = {ACM},
  address = {New York, NY, USA},
  review={cita o artigo selecionado na revisão estruturada},
  really_refers_to_software={no},
}

@inproceedings{Nguyen:2012:GPC:2337223.2337232,
  author = {Nguyen, Anh Tuan and Nguyen, Tung Thanh and Nguyen, Hoan Anh and Tamrawi, Ahmed and Nguyen, Hung Viet and Al-Kofahi, Jafar and Nguyen, Tien N.},
  title = {Graph-based Pattern-oriented, Context-sensitive Source Code Completion},
  booktitle = {Proceedings of the 34th International Conference on Software Engineering},
  series = {ICSE '12},
  year = {2012},
  isbn = {978-1-4673-1067-3},
  location = {Zurich, Switzerland},
  pages = {69--79},
  numpages = {11},
  url = {http://dl.acm.org/citation.cfm?id=2337223.2337232},
  acmid = {2337232},
  publisher = {IEEE Press},
  address = {Piscataway, NJ, USA},
  review={cita o software como trabalho relacionado},
  really_refers_to_software={yes},
  contribution_weight={1},
}

@inproceedings{Thung:2016:ARS:2970276.2975940,
  author = {Thung, Ferdian},
  title = {API Recommendation System for Software Development},
  booktitle = {Proceedings of the 31st IEEE/ACM International Conference on Automated Software Engineering},
  series = {ASE 2016},
  year = {2016},
  isbn = {978-1-4503-3845-5},
  location = {Singapore, Singapore},
  pages = {896--899},
  numpages = {4},
  url = {http://doi.acm.org/10.1145/2970276.2975940},
  doi = {10.1145/2970276.2975940},
  acmid = {2975940},
  publisher = {ACM},
  address = {New York, NY, USA},
  keywords = {API, Library, Recommendation System},
  review={cita nos trabalhos relacionados o artigo selecionado na revisão estruturada},
  really_refers_to_software={no},
}

@inproceedings{Yang:2016:QUC:2901739.2901767,
  author = {Yang, Di and Hussain, Aftab and Lopes, Cristina Videira},
  title = {From Query to Usable Code: An Analysis of Stack Overflow Code Snippets},
  booktitle = {Proceedings of the 13th International Conference on Mining Software Repositories},
  series = {MSR '16},
  year = {2016},
  isbn = {978-1-4503-4186-8},
  location = {Austin, Texas},
  pages = {391--402},
  numpages = {12},
  url = {http://doi.acm.org/10.1145/2901739.2901767},
  doi = {10.1145/2901739.2901767},
  acmid = {2901767},
  publisher = {ACM},
  address = {New York, NY, USA},
  keywords = {automatic program generation, code mining},
  review={cita o software como trabalho relacionado},
  really_refers_to_software={yes},
  contribution_weight={1},
}

@inproceedings{Raychev:2013:RS:2509136.2509544,
  author = {Raychev, Veselin and Sch\"{a}fer, Max and Sridharan, Manu and Vechev, Martin},
  title = {Refactoring with Synthesis},
  booktitle = {Proceedings of the 2013 ACM SIGPLAN International Conference on Object Oriented Programming Systems Languages \&\#38; Applications},
  series = {OOPSLA '13},
  year = {2013},
  isbn = {978-1-4503-2374-1},
  location = {Indianapolis, Indiana, USA},
  pages = {339--354},
  numpages = {16},
  url = {http://doi.acm.org/10.1145/2509136.2509544},
  doi = {10.1145/2509136.2509544},
  acmid = {2509544},
  publisher = {ACM},
  address = {New York, NY, USA},
  keywords = {refactoring, synthesis},
  review={cita o software como trabalho relacionado},
  really_refers_to_software={yes},
  contribution_weight={1},
}

@article{Raychev:2013:RS:2544173.2509544,
  author = {Raychev, Veselin and Sch\"{a}fer, Max and Sridharan, Manu and Vechev, Martin},
  title = {Refactoring with Synthesis},
  journal = {SIGPLAN Not.},
  issue_date = {October 2013},
  volume = {48},
  number = {10},
  month = oct,
  year = {2013},
  issn = {0362-1340},
  pages = {339--354},
  numpages = {16},
  url = {http://doi.acm.org/10.1145/2544173.2509544},
  doi = {10.1145/2544173.2509544},
  acmid = {2509544},
  publisher = {ACM},
  address = {New York, NY, USA},
  keywords = {refactoring, synthesis},
  review={resultado de busca duplicado},
  really_refers_to_software={no},
}

@inproceedings{Ghafari:2014:MUT:2597008.2597789,
  author = {Ghafari, Mohammad and Ghezzi, Carlo and Mocci, Andrea and Tamburrelli, Giordano},
  title = {Mining Unit Tests for Code Recommendation},
  booktitle = {Proceedings of the 22Nd International Conference on Program Comprehension},
  series = {ICPC 2014},
  year = {2014},
  isbn = {978-1-4503-2879-1},
  location = {Hyderabad, India},
  pages = {142--145},
  numpages = {4},
  url = {http://doi.acm.org/10.1145/2597008.2597789},
  doi = {10.1145/2597008.2597789},
  acmid = {2597789},
  publisher = {ACM},
  address = {New York, NY, USA},
  keywords = {Code recommendation, unit tests, usage examples},
  review={cita o artigo selecionado na revisão estruturada},
  really_refers_to_software={no},
}

@inproceedings{Heinemann:2011:RAM:1985429.1985430,
  author = {Heinemann, Lars and Hummel, Benjamin},
  title = {Recommending API Methods Based on Identifier Contexts},
  booktitle = {Proceedings of the 3rd International Workshop on Search-Driven Development: Users, Infrastructure, Tools, and Evaluation},
  series = {SUITE '11},
  year = {2011},
  isbn = {978-1-4503-0597-6},
  location = {Waikiki, Honolulu, HI, USA},
  pages = {1--4},
  numpages = {4},
  url = {http://doi.acm.org/10.1145/1985429.1985430},
  doi = {10.1145/1985429.1985430},
  acmid = {1985430},
  publisher = {ACM},
  address = {New York, NY, USA},
  keywords = {recommendation system, software reuse},
  review={cita o software como trabalho relacionado},
  really_refers_to_software={yes},
  contribution_weight={1},
}

@inproceedings{Ponzanelli:2017:SSD:3097368.3097381,
  author = {Ponzanelli, Luca and Scalabrino, Simone and Bavota, Gabriele and Mocci, Andrea and Oliveto, Rocco and Di Penta, Massimiliano and Lanza, Michele},
  title = {Supporting Software Developers with a Holistic Recommender System},
  booktitle = {Proceedings of the 39th International Conference on Software Engineering},
  series = {ICSE '17},
  year = {2017},
  isbn = {978-1-5386-3868-2},
  location = {Buenos Aires, Argentina},
  pages = {94--105},
  numpages = {12},
  url = {https://doi.org/10.1109/ICSE.2017.17},
  doi = {10.1109/ICSE.2017.17},
  acmid = {3097381},
  publisher = {IEEE Press},
  address = {Piscataway, NJ, USA},
  keywords = {mining unstructured data, recommender systems},
  review={cita o artigo selecionado na revisão estruturada},
  really_refers_to_software={no},
}

@article{Gvero:2015:SJE:2858965.2814295,
  author = {Gvero, Tihomir and Kuncak, Viktor},
  title = {Synthesizing Java Expressions from Free-form Queries},
  journal = {SIGPLAN Not.},
  issue_date = {October 2015},
  volume = {50},
  number = {10},
  month = oct,
  year = {2015},
  issn = {0362-1340},
  pages = {416--432},
  numpages = {17},
  url = {http://doi.acm.org/10.1145/2858965.2814295},
  doi = {10.1145/2858965.2814295},
  acmid = {2814295},
  publisher = {ACM},
  address = {New York, NY, USA},
  keywords = {Autocompletion, Natural Language Processing, Program Repair, Program Synthesis},
  review={cita o software como trabalho relacionado},
  really_refers_to_software={yes},
  contribution_weight={1},
}

@inproceedings{Gvero:2015:SJE:2814270.2814295,
  author = {Gvero, Tihomir and Kuncak, Viktor},
  title = {Synthesizing Java Expressions from Free-form Queries},
  booktitle = {Proceedings of the 2015 ACM SIGPLAN International Conference on Object-Oriented Programming, Systems, Languages, and Applications},
  series = {OOPSLA 2015},
  year = {2015},
  isbn = {978-1-4503-3689-5},
  location = {Pittsburgh, PA, USA},
  pages = {416--432},
  numpages = {17},
  url = {http://doi.acm.org/10.1145/2814270.2814295},
  doi = {10.1145/2814270.2814295},
  acmid = {2814295},
  publisher = {ACM},
  address = {New York, NY, USA},
  keywords = {Autocompletion, Natural Language Processing, Program Repair, Program Synthesis},
  review={resultado de busca duplicado},
  really_refers_to_software={no},
}

@article{Gvero:2013:CCU:2499370.2462192,
  author = {Gvero, Tihomir and Kuncak, Viktor and Kuraj, Ivan and Piskac, Ruzica},
  title = {Complete Completion Using Types and Weights},
  journal = {SIGPLAN Not.},
  issue_date = {June 2013},
  volume = {48},
  number = {6},
  month = jun,
  year = {2013},
  issn = {0362-1340},
  pages = {27--38},
  numpages = {12},
  url = {http://doi.acm.org/10.1145/2499370.2462192},
  doi = {10.1145/2499370.2462192},
  acmid = {2462192},
  publisher = {ACM},
  address = {New York, NY, USA},
  keywords = {code completion, program synthesis, ranking, type inhabitation, type-driven synthesis},
  review={cita o software como trabalho relacionado},
  really_refers_to_software={yes},
  contribution_weight={1},
}

@inproceedings{Gvero:2013:CCU:2491956.2462192,
  author = {Gvero, Tihomir and Kuncak, Viktor and Kuraj, Ivan and Piskac, Ruzica},
  title = {Complete Completion Using Types and Weights},
  booktitle = {Proceedings of the 34th ACM SIGPLAN Conference on Programming Language Design and Implementation},
  series = {PLDI '13},
  year = {2013},
  isbn = {978-1-4503-2014-6},
  location = {Seattle, Washington, USA},
  pages = {27--38},
  numpages = {12},
  url = {http://doi.acm.org/10.1145/2491956.2462192},
  doi = {10.1145/2491956.2462192},
  acmid = {2462192},
  publisher = {ACM},
  address = {New York, NY, USA},
  keywords = {code completion, program synthesis, ranking, type inhabitation, type-driven synthesis},
  review={resultado de busca duplicado},
  really_refers_to_software={no},
}

@inproceedings{Gharehyazie:2017:HCC:3104188.3104225,
  author = {Gharehyazie, Mohammad and Ray, Baishakhi and Filkov, Vladimir},
  title = {Some from Here, Some from There: Cross-project Code Reuse in GitHub},
  booktitle = {Proceedings of the 14th International Conference on Mining Software Repositories},
  series = {MSR '17},
  year = {2017},
  isbn = {978-1-5386-1544-7},
  location = {Buenos Aires, Argentina},
  pages = {291--301},
  numpages = {11},
  url = {https://doi.org/10.1109/MSR.2017.15},
  doi = {10.1109/MSR.2017.15},
  acmid = {3104225},
  publisher = {IEEE Press},
  address = {Piscataway, NJ, USA},
  review={cita o artigo selecionado na revisão estruturada},
  really_refers_to_software={no},
}

@inproceedings{Wightman:2012:SUS:2380116.2380145,
  author = {Wightman, Doug and Ye, Zi and Brandt, Joel and Vertegaal, Roel},
  title = {SnipMatch: Using Source Code Context to Enhance Snippet Retrieval and Parameterization},
  booktitle = {Proceedings of the 25th Annual ACM Symposium on User Interface Software and Technology},
  series = {UIST '12},
  year = {2012},
  isbn = {978-1-4503-1580-7},
  location = {Cambridge, Massachusetts, USA},
  pages = {219--228},
  numpages = {10},
  url = {http://doi.acm.org/10.1145/2380116.2380145},
  doi = {10.1145/2380116.2380145},
  acmid = {2380145},
  publisher = {ACM},
  address = {New York, NY, USA},
  keywords = {example-centric development, natural language processing, prototyping},
  review={cita o software como trabalho relacionado},
  really_refers_to_software={yes},
  contribution_weight={1},
}

@article{Mishne:2012:TSC:2398857.2384689,
  author = {Mishne, Alon and Shoham, Sharon and Yahav, Eran},
  title = {Typestate-based Semantic Code Search over Partial Programs},
  journal = {SIGPLAN Not.},
  issue_date = {October 2012},
  volume = {47},
  number = {10},
  month = oct,
  year = {2012},
  issn = {0362-1340},
  pages = {997--1016},
  numpages = {20},
  url = {http://doi.acm.org/10.1145/2398857.2384689},
  doi = {10.1145/2398857.2384689},
  acmid = {2384689},
  publisher = {ACM},
  address = {New York, NY, USA},
  keywords = {code search engine, ranking code samples, specification mining, static analysis, typestate},
  review={cita o software como trabalho relacionado},
  really_refers_to_software={yes},
  contribution_weight={1},
}

@inproceedings{Mishne:2012:TSC:2384616.2384689,
  author = {Mishne, Alon and Shoham, Sharon and Yahav, Eran},
  title = {Typestate-based Semantic Code Search over Partial Programs},
  booktitle = {Proceedings of the ACM International Conference on Object Oriented Programming Systems Languages and Applications},
  series = {OOPSLA '12},
  year = {2012},
  isbn = {978-1-4503-1561-6},
  location = {Tucson, Arizona, USA},
  pages = {997--1016},
  numpages = {20},
  url = {http://doi.acm.org/10.1145/2384616.2384689},
  doi = {10.1145/2384616.2384689},
  acmid = {2384689},
  publisher = {ACM},
  address = {New York, NY, USA},
  keywords = {code search engine, ranking code samples, specification mining, static analysis, typestate},
  review={resultado de busca duplicado},
  really_refers_to_software={no},
}

@article{Perelman:2012:TCP:2345156.2254098,
  author = {Perelman, Daniel and Gulwani, Sumit and Ball, Thomas and Grossman, Dan},
  title = {Type-directed Completion of Partial Expressions},
  journal = {SIGPLAN Not.},
  issue_date = {June 2012},
  volume = {47},
  number = {6},
  month = jun,
  year = {2012},
  issn = {0362-1340},
  pages = {275--286},
  numpages = {12},
  url = {http://doi.acm.org/10.1145/2345156.2254098},
  doi = {10.1145/2345156.2254098},
  acmid = {2254098},
  publisher = {ACM},
  address = {New York, NY, USA},
  keywords = {code completion, partial expressions, program synthesis, ranking, type-based analysis},
  review={cita o software como trabalho relacionado},
  really_refers_to_software={yes},
  contribution_weight={1},
}

@inproceedings{Perelman:2012:TCP:2254064.2254098,
  author = {Perelman, Daniel and Gulwani, Sumit and Ball, Thomas and Grossman, Dan},
  title = {Type-directed Completion of Partial Expressions},
  booktitle = {Proceedings of the 33rd ACM SIGPLAN Conference on Programming Language Design and Implementation},
  series = {PLDI '12},
  year = {2012},
  isbn = {978-1-4503-1205-9},
  location = {Beijing, China},
  pages = {275--286},
  numpages = {12},
  url = {http://doi.acm.org/10.1145/2254064.2254098},
  doi = {10.1145/2254064.2254098},
  acmid = {2254098},
  publisher = {ACM},
  address = {New York, NY, USA},
  keywords = {code completion, partial expressions, program synthesis, ranking, type-based analysis},
  review={resultado de busca duplicado},
  really_refers_to_software={no},
}

@inproceedings{Ponzanelli:2016:TLD:2884781.2884824,
  author = {Ponzanelli, Luca and Bavota, Gabriele and Mocci, Andrea and Di Penta, Massimiliano and Oliveto, Rocco and Hasan, Mir and Russo, Barbara and Haiduc, Sonia and Lanza, Michele},
  title = {Too Long; Didn'T Watch!: Extracting Relevant Fragments from Software Development Video Tutorials},
  booktitle = {Proceedings of the 38th International Conference on Software Engineering},
  series = {ICSE '16},
  year = {2016},
  isbn = {978-1-4503-3900-1},
  location = {Austin, Texas},
  pages = {261--272},
  numpages = {12},
  url = {http://doi.acm.org/10.1145/2884781.2884824},
  doi = {10.1145/2884781.2884824},
  acmid = {2884824},
  publisher = {ACM},
  address = {New York, NY, USA},
  keywords = {mining unstructured data, recommender systems},
  review={cita o artigo selecionado na revisão estruturada},
  really_refers_to_software={no},
}

@inproceedings{Rong:2016:CAI:2984511.2984544,
  author = {Rong, Xin and Yan, Shiyan and Oney, Stephen and Dontcheva, Mira and Adar, Eytan},
  title = {CodeMend: Assisting Interactive Programming with Bimodal Embedding},
  booktitle = {Proceedings of the 29th Annual Symposium on User Interface Software and Technology},
  series = {UIST '16},
  year = {2016},
  isbn = {978-1-4503-4189-9},
  location = {Tokyo, Japan},
  pages = {247--258},
  numpages = {12},
  url = {http://doi.acm.org/10.1145/2984511.2984544},
  doi = {10.1145/2984511.2984544},
  acmid = {2984544},
  publisher = {ACM},
  address = {New York, NY, USA},
  keywords = {natural language code search, program embedding, word embedding},
  review={cita o artigo selecionado na revisão estruturada},
  really_refers_to_software={no},
}

@article{Yessenov:2011:DSO:2076021.2048075,
  author = {Yessenov, Kuat and Xu, Zhilei and Solar-Lezama, Armando},
  title = {Data-driven Synthesis for Object-oriented Frameworks},
  journal = {SIGPLAN Not.},
  issue_date = {October 2011},
  volume = {46},
  number = {10},
  month = oct,
  year = {2011},
  issn = {0362-1340},
  pages = {65--82},
  numpages = {18},
  url = {http://doi.acm.org/10.1145/2076021.2048075},
  doi = {10.1145/2076021.2048075},
  acmid = {2048075},
  publisher = {ACM},
  address = {New York, NY, USA},
  keywords = {dynamic instrumentation, program synthesis, software engineering, thin slicing},
  review={cita o software como trabalho relacionado},
  really_refers_to_software={yes},
  contribution_weight={1},
}

@inproceedings{Yessenov:2011:DSO:2048066.2048075,
  author = {Yessenov, Kuat and Xu, Zhilei and Solar-Lezama, Armando},
  title = {Data-driven Synthesis for Object-oriented Frameworks},
  booktitle = {Proceedings of the 2011 ACM International Conference on Object Oriented Programming Systems Languages and Applications},
  series = {OOPSLA '11},
  year = {2011},
  isbn = {978-1-4503-0940-0},
  location = {Portland, Oregon, USA},
  pages = {65--82},
  numpages = {18},
  url = {http://doi.acm.org/10.1145/2048066.2048075},
  doi = {10.1145/2048066.2048075},
  acmid = {2048075},
  publisher = {ACM},
  address = {New York, NY, USA},
  keywords = {dynamic instrumentation, program synthesis, software engineering, thin slicing},
  review={resultado de busca duplicado},
  really_refers_to_software={no},
}

@inproceedings{Zhang:2012:APR:2337223.2337321,
  author = {Zhang, Cheng and Yang, Juyuan and Zhang, Yi and Fan, Jing and Zhang, Xin and Zhao, Jianjun and Ou, Peizhao},
  title = {Automatic Parameter Recommendation for Practical API Usage},
  booktitle = {Proceedings of the 34th International Conference on Software Engineering},
  series = {ICSE '12},
  year = {2012},
  isbn = {978-1-4673-1067-3},
  location = {Zurich, Switzerland},
  pages = {826--836},
  numpages = {11},
  url = {http://dl.acm.org/citation.cfm?id=2337223.2337321},
  acmid = {2337321},
  publisher = {IEEE Press},
  address = {Piscataway, NJ, USA},
  review={cita o artigo selecionado na revisão estruturada},
  really_refers_to_software={no},
}

@inproceedings{Bajracharya:2010:LUS:1882291.1882316,
  author = {Bajracharya, Sushil K. and Ossher, Joel and Lopes, Cristina V.},
  title = {Leveraging Usage Similarity for Effective Retrieval of Examples in Code Repositories},
  booktitle = {Proceedings of the Eighteenth ACM SIGSOFT International Symposium on Foundations of Software Engineering},
  series = {FSE '10},
  year = {2010},
  isbn = {978-1-60558-791-2},
  location = {Santa Fe, New Mexico, USA},
  pages = {157--166},
  numpages = {10},
  url = {http://doi.acm.org/10.1145/1882291.1882316},
  doi = {10.1145/1882291.1882316},
  acmid = {1882316},
  publisher = {ACM},
  address = {New York, NY, USA},
  keywords = {api usage, code search, software information retrieval, ssi, structural semantic indexing},
  review={cita o artigo selecionado na revisão estruturada},
  really_refers_to_software={no},
}

@inproceedings{Nguyen:2014:MID:2568225.2568302,
  author = {Nguyen, Hung Viet and Nguyen, Hoan Anh and Nguyen, Anh Tuan and Nguyen, Tien N.},
  title = {Mining Interprocedural, Data-oriented Usage Patterns in JavaScript Web Applications},
  booktitle = {Proceedings of the 36th International Conference on Software Engineering},
  series = {ICSE 2014},
  year = {2014},
  isbn = {978-1-4503-2756-5},
  location = {Hyderabad, India},
  pages = {791--802},
  numpages = {12},
  url = {http://doi.acm.org/10.1145/2568225.2568302},
  doi = {10.1145/2568225.2568302},
  acmid = {2568302},
  publisher = {ACM},
  address = {New York, NY, USA},
  keywords = {JavaScript, Mining, Usage Patterns, Web Applications},
  review={cita o artigo selecionado na revisão estruturada},
  really_refers_to_software={no},
}

@article{Thummalapenta:2011:SMS:2076021.2048083,
  author = {Thummalapenta, Suresh and Xie, Tao and Tillmann, Nikolai and de Halleux, Jonathan and Su, Zhendong},
  title = {Synthesizing Method Sequences for High-coverage Testing},
  journal = {SIGPLAN Not.},
  issue_date = {October 2011},
  volume = {46},
  number = {10},
  month = oct,
  year = {2011},
  issn = {0362-1340},
  pages = {189--206},
  numpages = {18},
  url = {http://doi.acm.org/10.1145/2076021.2048083},
  doi = {10.1145/2076021.2048083},
  acmid = {2048083},
  publisher = {ACM},
  address = {New York, NY, USA},
  keywords = {object-oriented testing, symbolic execution},
  review={cita o artigo selecionado na revisão estruturada},
  really_refers_to_software={no},
}

@inproceedings{Thummalapenta:2011:SMS:2048066.2048083,
  author = {Thummalapenta, Suresh and Xie, Tao and Tillmann, Nikolai and de Halleux, Jonathan and Su, Zhendong},
  title = {Synthesizing Method Sequences for High-coverage Testing},
  booktitle = {Proceedings of the 2011 ACM International Conference on Object Oriented Programming Systems Languages and Applications},
  series = {OOPSLA '11},
  year = {2011},
  isbn = {978-1-4503-0940-0},
  location = {Portland, Oregon, USA},
  pages = {189--206},
  numpages = {18},
  url = {http://doi.acm.org/10.1145/2048066.2048083},
  doi = {10.1145/2048066.2048083},
  acmid = {2048083},
  publisher = {ACM},
  address = {New York, NY, USA},
  keywords = {object-oriented testing, symbolic execution},
  review={resultado de busca duplicado},
  really_refers_to_software={no},
}
