@inproceedings{Gottschling:2008:ISC:1449913.1449925,
  author = {Gottschling, Peter and Lumsdaine, Andrew},
  title = {Integrating Semantics and Compilation: Using C++ Concepts to Develop Robust and Efficient Reusable Libraries},
  booktitle = {Proceedings of the 7th International Conference on Generative Programming and Component Engineering},
  series = {GPCE '08},
  year = {2008},
  isbn = {978-1-60558-267-2},
  location = {Nashville, TN, USA},
  pages = {67--76},
  numpages = {10},
  url = {http://doi.acm.org/10.1145/1449913.1449925},
  doi = {10.1145/1449913.1449925},
  acmid = {1449925},
  publisher = {ACM},
  address = {New York, NY, USA},
  keywords = {c++, concepts, loop unrolling, optimization, semantic properties, semantic verification},
  review = {cita o software como trabalho relacionado},
  really_refers_to_software = {yes},
  contribution_weight = {0.1},
}

@inproceedings{Haveraaen:2007:IPP:1512762.1512765,
  author = {Haveraaen, Magne},
  title = {Institutions, Property-aware Programming and Testing},
  booktitle = {Proceedings of the 2007 Symposium on Library-Centric Software Design},
  series = {LCSD '07},
  year = {2007},
  isbn = {978-1-60558-086-9},
  location = {Montreal, Canada},
  pages = {21--30},
  numpages = {10},
  url = {http://doi.acm.org/10.1145/1512762.1512765},
  doi = {10.1145/1512762.1512765},
  acmid = {1512765},
  publisher = {ACM},
  address = {New York, NY, USA},
  keywords = {Sophus software library, algebraic specifications, coordinate-free numerics, generic programming, institutions, systematic software library testing},
  review = {cita o artigo selecionado na revisão estruturada},
  really_refers_to_software = {no},
}

@inproceedings{6113791,
  author = {K. J. Brown and A. K. Sujeeth and H. J. Lee and T. Rompf and H. Chafi and M. Odersky and K. Olukotun},
  booktitle = {2011 International Conference on Parallel Architectures and Compilation Techniques},
  title = {A Heterogeneous Parallel Framework for Domain-Specific Languages},
  year = {2011},
  pages = {89-100},
  keywords = {C++ language;learning (artificial intelligence);parallel processing;program compilers;C++ language;Delite compiler framework;Matlab;OptiML;domain-specific language;execution graph;heterogeneous parallel framework;high performance parallel code;high-level abstraction;machine learning application;parallelism;programmer productivity;runtime application;single-threaded performance;DSL;Hardware;Optimization;Parallel processing;Performance evaluation;Programming;Runtime;computer languages;multicore processing;parallel programming},
  doi = {10.1109/PACT.2011.15},
  issn = {1089-795X},
  month = {Oct},
  review = {cita o software como trabalho relacionado},
  really_refers_to_software = {yes},
  contribution_weight = {0.1},
}

@inproceedings{1238032,
  author = {O. S. Bagge and K. T. Kalleberg and M. Haveraaen and E. Visser},
  booktitle = {Proceedings Third IEEE International Workshop on Source Code Analysis and Manipulation},
  title = {Design of the CodeBoost transformation system for domain-specific optimisation of C++ programs},
  year = {2003},
  pages = {65-74},
  keywords = {C++ language;optimising compilers;software tools;C++ program optimisation;CodeBoost transformation framework;Sophus code;Stratego program transformation language;abstract coding style;domain-specific optimization;parsing;program compiler;semantic analysis;source-to-source transformation tool;totem annotation;user-defined rewrite rules;Bridges;Design optimization;Informatics;Optimizing compilers;Performance analysis;Productivity;Runtime;Software engineering;Software libraries;Software performance},
  doi = {10.1109/SCAM.2003.1238032},
  month = {Sept},
  review = {é o mesmo artigo que publicou o software},
  really_refers_to_software = {no},
}

@inproceedings{7781811,
  author = {G. Antal and D. Havas and I. Siket and Á. Beszédes and R. Ferenc and J. Mihalicza},
  booktitle = {2016 IEEE 16th International Working Conference on Source Code Analysis and Manipulation (SCAM)},
  title = {Transforming C++11 Code to C++03 to Support Legacy Compilation Environments},
  year = {2016},
  pages = {177-186},
  keywords = {C++ language;DP industry;public domain software;software libraries;software maintenance;source code (software);C++ language editions;C++ programming language;C++11 code;SDK;automatic source code backporting;functionally equivalent C++03 code;language features;legacy compilation environments;libraries;open-source systems;software vendor;source code transformation;transformation engines;C++ languages;Engines;Libraries;Open source software;Production;Standards;C++;language backporting;legacy systems;source code transformation},
  doi = {10.1109/SCAM.2016.11},
  month = {Oct},
  review = {cita um artigo com o nome do software no título},
  really_refers_to_software = {no},
}

@article{Hong:2012:GDE:2248487.2151013,
  author = {Hong, Sungpack and Chafi, Hassan and Sedlar, Edic and Olukotun, Kunle},
  title = {Green-Marl: A DSL for Easy and Efficient Graph Analysis},
  journal = {SIGPLAN Not.},
  issue_date = {April 2012},
  volume = {47},
  number = {4},
  month = {March},
  year = {2012},
  issn = {0362-1340},
  pages = {349--362},
  numpages = {14},
  url = {http://doi.acm.org/10.1145/2248487.2151013},
  doi = {10.1145/2248487.2151013},
  acmid = {2151013},
  publisher = {ACM},
  address = {New York, NY, USA},
  keywords = {domain-specific language, graph, parallel programming},
  review = {cita o software como trabalho relacionado},
  really_refers_to_software = {yes},
  contribution_weight = {0.1},
}

@inproceedings{1541162,
  author = {M. Schordan and D. Quinlan},
  booktitle = {Fifth IEEE International Workshop on Source Code Analysis and Manipulation (SCAM'05)},
  title = {Specifying transformation sequences as computation on program fragments with an abstract attribute grammar},
  year = {2005},
  pages = {97-106},
  keywords = {C++ language;attribute grammars;formal specification;graph grammars;object-oriented programming;programming language semantics;C+ + programs;ROSE;abstract attribute grammar;data flow analysis;fixed point algorithms;object-oriented design;pattern based restructuring;program representation;source-to-source infrastructure;transformation sequence specification;Algorithm design and analysis;Computer languages;Conferences;Data analysis;Laboratories;Large-scale systems;Libraries;Optimizing compilers;Scientific computing},
  doi = {10.1109/SCAM.2005.23},
  month = {Sept},
  review = {cita o software como trabalho relacionado},
  really_refers_to_software = {yes},
  contribution_weight = {0.1},
}

@article{Tang:2012:SDA:2432546.2432549,
  author = {Tang, Xiaolong and J\"{a}rvi, Jaakko},
  title = {Summary-based Data-flow Analysis That Understands Regular Composite Objects and Iterators},
  journal = {SIGAPP Appl. Comput. Rev.},
  issue_date = {December 2012},
  volume = {12},
  number = {4},
  month = {December},
  year = {2012},
  issn = {1559-6915},
  pages = {36--47},
  numpages = {12},
  url = {http://doi.acm.org/10.1145/2432546.2432549},
  doi = {10.1145/2432546.2432549},
  acmid = {2432549},
  publisher = {ACM},
  address = {New York, NY, USA},
  keywords = {C++, generic programming, program analysis},
  review = {cita um artigo com o nome do software no título},
  really_refers_to_software = {no},
}

@inproceedings{Tang:2012:ERU:2245276.2232059,
  author = {Tang, Xiaolong and J\"{a}rvi, Jaakko},
  title = {Exploiting Regularity of User-defined Types to Improve Precision of Program Analyses},
  booktitle = {Proceedings of the 27th Annual ACM Symposium on Applied Computing},
  series = {SAC '12},
  year = {2012},
  isbn = {978-1-4503-0857-1},
  location = {Trento, Italy},
  pages = {1743--1750},
  numpages = {8},
  url = {http://doi.acm.org/10.1145/2245276.2232059},
  doi = {10.1145/2245276.2232059},
  acmid = {2232059},
  publisher = {ACM},
  address = {New York, NY, USA},
  keywords = {C++, generic programming, program analysis},
  review = {cita um artigo com o nome do software no título},
  really_refers_to_software = {no},
}

@inproceedings{White:2008:POF:1375527.1375545,
  author = {White, Brian S. and McKee, Sally A. and Quinlan, Daniel},
  title = {A Projection-based Optimization Framework for Abstractions with Application to the Unstructured Mesh Domain},
  booktitle = {Proceedings of the 22Nd Annual International Conference on Supercomputing},
  series = {ICS '08},
  year = {2008},
  isbn = {978-1-60558-158-3},
  location = {Island of Kos, Greece},
  pages = {104--113},
  numpages = {10},
  url = {http://doi.acm.org/10.1145/1375527.1375545},
  doi = {10.1145/1375527.1375545},
  acmid = {1375545},
  publisher = {ACM},
  address = {New York, NY, USA},
  keywords = {high-level abstraction semantics, rose, unstructured mesh},
  review = {cita um artigo com o nome do software no título},
  really_refers_to_software = {no},
}

@article{Willcock:2009:RGP:1837852.1621611,
  author = {Willcock, Jeremiah James and Lumsdaine, Andrew and Quinlan, Daniel J.},
  title = {Reusable, Generic Program Analyses and Transformations},
  journal = {SIGPLAN Not.},
  issue_date = {February 2010},
  volume = {45},
  number = {2},
  month = {October},
  year = {2009},
  issn = {0362-1340},
  pages = {5--14},
  numpages = {10},
  url = {http://doi.acm.org/10.1145/1837852.1621611},
  doi = {10.1145/1837852.1621611},
  acmid = {1621611},
  publisher = {ACM},
  address = {New York, NY, USA},
  keywords = {compiler optimization, generic programming},
  review = {cita o software como trabalho relacionado},
  really_refers_to_software = {yes},
  contribution_weight = {0.1},
}

@inproceedings{1541153,
  author = {E. Visser},
  booktitle = {Fifth IEEE International Workshop on Source Code Analysis and Manipulation (SCAM'05)},
  title = {Transformations for abstractions},
  year = {2005},
  pages = {3-12},
  keywords = {program compilers;programming environments;Stratego;program transformations;programming environments;transformation language;Application software;Control systems;Documentation;Domain specific languages;Java;Knowledge based systems;Optimizing compilers;Program processors;Programming environments;Programming profession},
  doi = {10.1109/SCAM.2005.26},
  month = {Sept},
  review = {cita o software na introdução fazendo referência ao artigo selecionado na revisão estruturada, o autor aqui é um dos autores},
  really_refers_to_software = {yes},
  contribution_weight = {0.1},
}

@article{Mernik:2005:DDL:1118890.1118892,
  author = {Mernik, Marjan and Heering, Jan and Sloane, Anthony M.},
  title = {When and How to Develop Domain-specific Languages},
  journal = {ACM Comput. Surv.},
  issue_date = {December 2005},
  volume = {37},
  number = {4},
  month = {December},
  year = {2005},
  issn = {0360-0300},
  pages = {316--344},
  numpages = {29},
  url = {http://doi.acm.org/10.1145/1118890.1118892},
  doi = {10.1145/1118890.1118892},
  acmid = {1118892},
  publisher = {ACM},
  address = {New York, NY, USA},
  keywords = {Domain-specific language, application language, domain analysis, language development system},
  review = {cita o software como exemplo de extensão de uma linguagem existente},
  really_refers_to_software = {yes},
  contribution_weight = {0.1},
}

@article{Chafi:2011:DAH:2038037.1941561,
  author = {Chafi, Hassan and Sujeeth, Arvind K. and Brown, Kevin J. and Lee, HyoukJoong and Atreya, Anand R. and Olukotun, Kunle},
  title = {A Domain-specific Approach to Heterogeneous Parallelism},
  journal = {SIGPLAN Not.},
  issue_date = {August 2011},
  volume = {46},
  number = {8},
  month = {February},
  year = {2011},
  issn = {0362-1340},
  pages = {35--46},
  numpages = {12},
  url = {http://doi.acm.org/10.1145/2038037.1941561},
  doi = {10.1145/2038037.1941561},
  acmid = {1941561},
  publisher = {ACM},
  address = {New York, NY, USA},
  keywords = {domain-specific languages, dynamic optimizations, parallel programming, runtimes},
  review = {cita o software como trabalho relacionado},
  really_refers_to_software = {yes},
  contribution_weight = {0.1},
}

@inproceedings{Brumbulli:2010:SCG:2022793.2022806,
  author = {Brumbulli, Mihal and Fischer, Joachim},
  title = {SDL Code Generation for Network Simulators},
  booktitle = {Proceedings of the 6th International Conference on System Analysis and Modeling: About Models},
  series = {SAM'10},
  year = {2011},
  isbn = {978-3-642-21651-0},
  location = {Oslo, Norway},
  pages = {144--155},
  numpages = {12},
  url = {http://dl.acm.org/citation.cfm?id=2022793.2022806},
  acmid = {2022806},
  publisher = {Springer-Verlag},
  address = {Berlin, Heidelberg},
  keywords = {SDL, code generation, ns-3},
  review = {não faz nenhuma referencia ao nome do software},
  really_refers_to_software = {no},
}

@inproceedings{Lammel:2003:SPM:643603.643621,
  author = {L\"{a}mmel, Ralf and Visser, Eelco and Visser, Joost},
  title = {Strategic Programming Meets Adaptive Programming},
  booktitle = {Proceedings of the 2Nd International Conference on Aspect-oriented Software Development},
  series = {AOSD '03},
  year = {2003},
  isbn = {1-58113-660-9},
  location = {Boston, Massachusetts},
  pages = {168--177},
  numpages = {10},
  url = {http://doi.acm.org/10.1145/643603.643621},
  doi = {10.1145/643603.643621},
  acmid = {643621},
  publisher = {ACM},
  address = {New York, NY, USA},
  review = {cita o software como uma referencia de sistemas para otimizações de programas C++ de domínios específicos implementado em Stratego},
  really_refers_to_software = {yes},
  contribution_weight = {0.1},
}

@article{Keep:2013:NFC:2544174.2500618,
  author = {Keep, Andrew W. and Dybvig, R. Kent},
  title = {A Nanopass Framework for Commercial Compiler Development},
  journal = {SIGPLAN Not.},
  issue_date = {September 2013},
  volume = {48},
  number = {9},
  month = {September},
  year = {2013},
  issn = {0362-1340},
  pages = {343--350},
  numpages = {8},
  url = {http://doi.acm.org/10.1145/2544174.2500618},
  doi = {10.1145/2544174.2500618},
  acmid = {2500618},
  publisher = {ACM},
  address = {New York, NY, USA},
  keywords = {compiler, nanopass, scheme},
  review = {cita o software como trabalho relacionado},
  really_refers_to_software = {yes},
  contribution_weight = {0.1},
}

@inproceedings{1639722,
  author = {D. Quinlan and M. Schordan and R. Vuduc and Qing Yi},
  booktitle = {Proceedings 20th IEEE International Parallel Distributed Processing Symposium},
  title = {Annotating user-defined abstractions for optimization},
  year = {2006},
  pages = {8 pp.-},
  keywords = {computational linguistics;data flow analysis;optimising compilers;compiler optimization;conventional compiler;data layout transformation;memorization;relevant semantic information;reordering;user-defined abstraction;Computer languages;Computer science;Containers;Costs;Design optimization;Laboratories;Optimizing compilers;Profitability;Scientific computing;US Department of Energy},
  doi = {10.1109/IPDPS.2006.1639722},
  issn = {1530-2075},
  month = {April},
  review = {cita o software como trabalho relacionado},
  really_refers_to_software = {yes},
  contribution_weight = {0.1},
}

@inproceedings{5279923,
  author = {V. David and M. Haveraaen},
  booktitle = {2009 Ninth IEEE International Working Conference on Source Code Analysis and Manipulation},
  title = {Concepts as Syntactic Sugar},
  year = {2009},
  pages = {147-156},
  keywords = {C++ language;program compilers;C++03;ConceptC++ code;ConceptC++ compiler;code translation tool;Code standards;Computer architecture;Concrete;Dynamic programming;Object oriented programming;Software libraries;Software tools;Writing},
  doi = {10.1109/SCAM.2009.26},
  month = {Sept},
  review = {apenas cita o artigo que publicou o software},
  really_refers_to_software = {no},
}

@inproceedings{Bravenboer:2006:SCT:1111542.1111558,
  author = {Bravenboer, Martin and Kalleberg, Karl Trygve and Vermaas, Rob and Visser, Eelco},
  title = {Stratego/XT 0.16: Components for Transformation Systems},
  booktitle = {Proceedings of the 2006 ACM SIGPLAN Symposium on Partial Evaluation and Semantics-based Program Manipulation},
  series = {PEPM '06},
  year = {2006},
  isbn = {1-59593-196-1},
  location = {Charleston, South Carolina},
  pages = {95--99},
  numpages = {5},
  url = {http://doi.acm.org/10.1145/1111542.1111558},
  doi = {10.1145/1111542.1111558},
  acmid = {1111558},
  publisher = {ACM},
  address = {New York, NY, USA},
  keywords = {compilers, parsers, pretty-printers, program analysis, program optimization, program transformation, rewriting strategies, term rewriting, transformation components, transformation systems},
  review = {cita o software como uma das primeiras grandes aplicações do Stratego/XT},
  really_refers_to_software = {yes},
  contribution_weight = {0.1},
}

@inproceedings{Yi:2007:ATP:1512762.1512773,
  author = {Yi, Qing and Whaley, R. Clint},
  title = {Automated Transformation for Performance-critical Kernels},
  booktitle = {Proceedings of the 2007 Symposium on Library-Centric Software Design},
  series = {LCSD '07},
  year = {2007},
  isbn = {978-1-60558-086-9},
  location = {Montreal, Canada},
  pages = {109--119},
  numpages = {11},
  url = {http://doi.acm.org/10.1145/1512762.1512773},
  doi = {10.1145/1512762.1512773},
  acmid = {1512773},
  publisher = {ACM},
  address = {New York, NY, USA},
  review = {cita o artigo selecionado na revisão estruturada},
  really_refers_to_software = {no},
}

@inproceedings{4228365,
  author = {Q. Yi and K. Seymour and H. You and R. Vuduc and D. Quinlan},
  booktitle = {2007 IEEE International Parallel and Distributed Processing Symposium},
  title = {POET: Parameterized Optimizations for Empirical Tuning},
  year = {2007},
  pages = {1-8},
  keywords = {authoring languages;optimising compilers;program control structures;program diagnostics;POET embedded scripting language;code transformation;compiler-based source-code optimizer;empirical tuning system;linear algebra kernel;parameterized loop optimization;program analysis;static analysis;Application software;Kernel;Laboratories;Libraries;Linear algebra;Optimizing compilers;Performance analysis;Performance evaluation;Predictive models;Program processors},
  doi = {10.1109/IPDPS.2007.370637},
  issn = {1530-2075},
  month = {March},
  review = {apenas cita o artigo que publicou o software},
  really_refers_to_software = {no},
}

@inproceedings{Tang:2010:GFO:1774088.1774532,
  author = {Tang, Xiaolong and J\"{a}rvi, Jaakko},
  title = {Generic Flow-sensitive Optimizing Transformations in C++ with Concepts},
  booktitle = {Proceedings of the 2010 ACM Symposium on Applied Computing},
  series = {SAC '10},
  year = {2010},
  isbn = {978-1-60558-639-7},
  location = {Sierre, Switzerland},
  pages = {2111--2118},
  numpages = {8},
  url = {http://doi.acm.org/10.1145/1774088.1774532},
  doi = {10.1145/1774088.1774532},
  acmid = {1774532},
  publisher = {ACM},
  address = {New York, NY, USA},
  keywords = {C++, concepts, high-level optimizations, rewriting},
  review = {cita o software como trabalho relacionado},
  really_refers_to_software = {yes},
  contribution_weight = {0.1},
}

@inproceedings{1238025,
  booktitle = {Proceedings Third IEEE International Workshop on Source Code Analysis and Manipulation},
  title = {Proceedings Third IEEE International Workshop on Source Code Analysis and Manipulation},
  year = {2003},
  pages = {},
  keywords = {object-oriented programming;program compilers;program diagnostics;software tools;CodeBoost transformation system;dependence graph;dynamic partitioning techniques;object oriented code;online cycle detection;parse tree annotation;pointer analysis;power law distribution;program profile checking;program transformations;redundant code detection;software tools;source code analysis;static analysis;static slicing;Object oriented programming;Program compilers;Software fault diagnosis;Software tools},
  doi = {10.1109/SCAM.2003.1238025},
  month = {Sept},
  review = {é apenas um índice com nomes de artigos do workwhop SCAM 2003},
  really_refers_to_software = {no},
}

@article{Scherr:2015:AFL:2936314.2814217,
  author = {Scherr, Maximilian and Chiba, Shigeru},
  title = {Almost First-class Language Embedding: Taming Staged Embedded DSLs},
  journal = {SIGPLAN Not.},
  issue_date = {March 2016},
  volume = {51},
  number = {3},
  month = {October},
  year = {2015},
  issn = {0362-1340},
  pages = {21--30},
  numpages = {10},
  url = {http://doi.acm.org/10.1145/2936314.2814217},
  doi = {10.1145/2936314.2814217},
  acmid = {2814217},
  publisher = {ACM},
  address = {New York, NY, USA},
  keywords = {Java, design, embedded DSLs, implementation, metaprogramming, program transformation, programming languages, staging},
  review = {cita o software como trabalho relacionado},
  really_refers_to_software = {yes},
  contribution_weight = {0.1},
}

