@INPROCEEDINGS{1238025,
  booktitle={Proceedings Third IEEE International Workshop on Source Code Analysis and Manipulation},
  title={Proceedings Third IEEE International Workshop on Source Code Analysis and Manipulation},
  year={2003},
  pages={},
  abstract={The following topics are dealt with: static analysis; online cycle detection; pointer analysis; dynamic partitioning techniques; object oriented code; power law distribution; dependence graph; CodeBoost transformation system; source code analysis; semantic slicing; program transformations; parse tree annotation; software tools; redundant code detection; and program profile checking.},
  keywords={object-oriented programming;program compilers;program diagnostics;software tools;CodeBoost transformation system;dependence graph;dynamic partitioning techniques;object oriented code;online cycle detection;parse tree annotation;pointer analysis;power law distribution;program profile checking;program transformations;redundant code detection;software tools;source code analysis;static analysis;static slicing;Object oriented programming;Program compilers;Software fault diagnosis;Software tools},
  doi={10.1109/SCAM.2003.1238025},
  month={Sept},
}
