@inproceedings{Pasareanu:2010:SPS:1858996.1859035,
  author = {P\u{a}s\u{a}reanu, Corina S. and Rungta, Neha},
  title = {Symbolic PathFinder: Symbolic Execution of Java Bytecode},
  booktitle = {Proceedings of the IEEE/ACM International Conference on Automated Software Engineering},
  series = {ASE '10},
  year = {2010},
  isbn = {978-1-4503-0116-9},
  location = {Antwerp, Belgium},
  pages = {179--180},
  numpages = {2},
  url = {http://doi.acm.org/10.1145/1858996.1859035},
  doi = {10.1145/1858996.1859035},
  acmid = {1859035},
  publisher = {ACM},
  address = {New York, NY, USA},
  keywords = {automated test case generation, program analysis},
}

@article{Hillery:2014:TLS:2557833.2560579,
  author = {Hillery, Benjamin and Mercer, Eric and Rungta, Neha and Person, Suzette},
  title = {Towards a Lazier Symbolic Pathfinder},
  journal = {SIGSOFT Softw. Eng. Notes},
  issue_date = {January 2014},
  volume = {39},
  number = {1},
  month = feb,
  year = {2014},
  issn = {0163-5948},
  pages = {1--5},
  numpages = {5},
  url = {http://doi.acm.org/10.1145/2557833.2560579},
  doi = {10.1145/2557833.2560579},
  acmid = {2560579},
  publisher = {ACM},
  address = {New York, NY, USA},
}

@article{Tidwell:2008:TVD:1366283.1366287,
  author = {Tidwell, Terry and Gill, Christopher},
  title = {Towards Verifiable Deeply Embedded Systems},
  journal = {SIGBED Rev.},
  issue_date = {January 2008},
  volume = {5},
  number = {1},
  month = jan,
  year = {2008},
  issn = {1551-3688},
  pages = {4:1--4:2},
  articleno = {4},
  numpages = {2},
  url = {http://doi.acm.org/10.1145/1366283.1366287},
  doi = {10.1145/1366283.1366287},
  acmid = {1366287},
  publisher = {ACM},
  address = {New York, NY, USA},
}

@inproceedings{Braione:2016:JSE:2950290.2983940,
  author = {Braione, Pietro and Denaro, Giovanni and Pezz\`{e}, Mauro},
  title = {JBSE: A Symbolic Executor for Java Programs with Complex Heap Inputs},
  booktitle = {Proceedings of the 2016 24th ACM SIGSOFT International Symposium on Foundations of Software Engineering},
  series = {FSE 2016},
  year = {2016},
  isbn = {978-1-4503-4218-6},
  location = {Seattle, WA, USA},
  pages = {1018--1022},
  numpages = {5},
  url = {http://doi.acm.org/10.1145/2950290.2983940},
  doi = {10.1145/2950290.2983940},
  acmid = {2983940},
  publisher = {ACM},
  address = {New York, NY, USA},
  keywords = {Alloy, Heap Exploration Logic, Heap data structures, Pointer Assertion Logic, RepOk, Symbolic Execution},
}

@inproceedings{Pasareanu:2008:CUS:1390630.1390635,
  author = {P\v{a}s\v{a}reanu, Corina S. and Mehlitz, Peter C. and Bushnell, David H. and Gundy-Burlet, Karen and Lowry, Michael and Person, Suzette and Pape, Mark},
  title = {Combining Unit-level Symbolic Execution and System-level Concrete Execution for Testing Nasa Software},
  booktitle = {Proceedings of the 2008 International Symposium on Software Testing and Analysis},
  series = {ISSTA '08},
  year = {2008},
  isbn = {978-1-60558-050-0},
  location = {Seattle, WA, USA},
  pages = {15--26},
  numpages = {12},
  url = {http://doi.acm.org/10.1145/1390630.1390635},
  doi = {10.1145/1390630.1390635},
  acmid = {1390635},
  publisher = {ACM},
  address = {New York, NY, USA},
  keywords = {software model checking, symbolic execution, system testing, unit testing},
}

@inproceedings{Cadar:2011:SES:1985793.1985995,
  author = {Cadar, Cristian and Godefroid, Patrice and Khurshid, Sarfraz and P\u{a}s\u{a}reanu, Corina S. and Sen, Koushik and Tillmann, Nikolai and Visser, Willem},
  title = {Symbolic Execution for Software Testing in Practice: Preliminary Assessment},
  booktitle = {Proceedings of the 33rd International Conference on Software Engineering},
  series = {ICSE '11},
  year = {2011},
  isbn = {978-1-4503-0445-0},
  location = {Waikiki, Honolulu, HI, USA},
  pages = {1066--1071},
  numpages = {6},
  url = {http://doi.acm.org/10.1145/1985793.1985995},
  doi = {10.1145/1985793.1985995},
  acmid = {1985995},
  publisher = {ACM},
  address = {New York, NY, USA},
  keywords = {dynamic test generation, generalized symbolic execution},
}

@inproceedings{Robby:2009:PDU:1557898.1557903,
  author = {Robby and Chalin, Patrice},
  title = {Preliminary Design of a Unified JML Representation and Software Infrastructure},
  booktitle = {Proceedings of the 11th International Workshop on Formal Techniques for Java-like Programs},
  series = {FTfJP '09},
  year = {2009},
  isbn = {978-1-60558-540-6},
  location = {Genova, Italy},
  pages = {5:1--5:7},
  articleno = {5},
  numpages = {7},
  url = {http://doi.acm.org/10.1145/1557898.1557903},
  doi = {10.1145/1557898.1557903},
  acmid = {1557903},
  publisher = {ACM},
  address = {New York, NY, USA},
}

@inproceedings{Denaro:2015:DDF:2818754.2818868,
  author = {Denaro, Giovanni and Margara, Alessandro and Pezz\`{e}, Mauro and Vivanti, Mattia},
  title = {Dynamic Data Flow Testing of Object Oriented Systems},
  booktitle = {Proceedings of the 37th International Conference on Software Engineering - Volume 1},
  series = {ICSE '15},
  year = {2015},
  isbn = {978-1-4799-1934-5},
  location = {Florence, Italy},
  pages = {947--958},
  numpages = {12},
  url = {http://dl.acm.org/citation.cfm?id=2818754.2818868},
  acmid = {2818868},
  publisher = {IEEE Press},
  address = {Piscataway, NJ, USA},
}

@article{King:2009:PAC:1859823.1859830,
  author = {King, Andrew and Procter, Sam and Andresen, Dan and Hatcliff, John and Warren, Steve and Spees, William and Jetley, Raoul and Jones, Paul and Weininger, Sandy},
  title = {A Publish-subscribe Architecture and Component-based Programming Model for Medical Device Interoperability},
  journal = {SIGBED Rev.},
  issue_date = {July 2009},
  volume = {6},
  number = {2},
  month = jul,
  year = {2009},
  issn = {1551-3688},
  pages = {7:1--7:10},
  articleno = {7},
  numpages = {10},
  url = {http://doi.acm.org/10.1145/1859823.1859830},
  doi = {10.1145/1859823.1859830},
  acmid = {1859830},
  publisher = {ACM},
  address = {New York, NY, USA},
  keywords = {based, component, design, device, interoperability, medical, software, systems},
}

@inproceedings{Braione:2013:ESE:2491411.2491433,
  author = {Braione, Pietro and Denaro, Giovanni and Pezz\`{e}, Mauro},
  title = {Enhancing Symbolic Execution with Built-in Term Rewriting and Constrained Lazy Initialization},
  booktitle = {Proceedings of the 2013 9th Joint Meeting on Foundations of Software Engineering},
  series = {ESEC/FSE 2013},
  year = {2013},
  isbn = {978-1-4503-2237-9},
  location = {Saint Petersburg, Russia},
  pages = {411--421},
  numpages = {11},
  url = {http://doi.acm.org/10.1145/2491411.2491433},
  doi = {10.1145/2491411.2491433},
  acmid = {2491433},
  publisher = {ACM},
  address = {New York, NY, USA},
  keywords = {Software analysis, Symbolic execution},
}

@inproceedings{Anand:2011:HCE:2190078.2190144,
  author = {Anand, Saswat and Harrold, Mary Jean},
  title = {Heap Cloning: Enabling Dynamic Symbolic Execution of Java Programs},
  booktitle = {Proceedings of the 2011 26th IEEE/ACM International Conference on Automated Software Engineering},
  series = {ASE '11},
  year = {2011},
  isbn = {978-1-4577-1638-6},
  pages = {33--42},
  numpages = {10},
  url = {http://dx.doi.org/10.1109/ASE.2011.6100071},
  doi = {10.1109/ASE.2011.6100071},
  acmid = {2190144},
  publisher = {IEEE Computer Society},
  address = {Washington, DC, USA},
}

@inproceedings{Belt:2009:SLL:1595696.1595762,
  author = {Belt, Jason and Robby and Deng, Xianghua},
  title = {Sireum/Topi LDP: A Lightweight Semi-decision Procedure for Optimizing Symbolic Execution-based Analyses},
  booktitle = {Proceedings of the the 7th Joint Meeting of the European Software Engineering Conference and the ACM SIGSOFT Symposium on The Foundations of Software Engineering},
  series = {ESEC/FSE '09},
  year = {2009},
  isbn = {978-1-60558-001-2},
  location = {Amsterdam, The Netherlands},
  pages = {355--364},
  numpages = {10},
  url = {http://doi.acm.org/10.1145/1595696.1595762},
  doi = {10.1145/1595696.1595762},
  acmid = {1595762},
  publisher = {ACM},
  address = {New York, NY, USA},
  keywords = {decision procedure, program analysis, symbolic execution},
}

@inproceedings{Braione:2015:SEP:2786805.2786842,
  author = {Braione, Pietro and Denaro, Giovanni and Pezz\`{e}, Mauro},
  title = {Symbolic Execution of Programs with Heap Inputs},
  booktitle = {Proceedings of the 2015 10th Joint Meeting on Foundations of Software Engineering},
  series = {ESEC/FSE 2015},
  year = {2015},
  isbn = {978-1-4503-3675-8},
  location = {Bergamo, Italy},
  pages = {602--613},
  numpages = {12},
  url = {http://doi.acm.org/10.1145/2786805.2786842},
  doi = {10.1145/2786805.2786842},
  acmid = {2786842},
  publisher = {ACM},
  address = {New York, NY, USA},
  keywords = {Symbolic execution, data structure invariants, lazy initialization},
}

@inproceedings{Gligoric:2010:TGT:1806799.1806835,
  author = {Gligoric, Milos and Gvero, Tihomir and Jagannath, Vilas and Khurshid, Sarfraz and Kuncak, Viktor and Marinov, Darko},
  title = {Test Generation Through Programming in UDITA},
  booktitle = {Proceedings of the 32Nd ACM/IEEE International Conference on Software Engineering - Volume 1},
  series = {ICSE '10},
  year = {2010},
  isbn = {978-1-60558-719-6},
  location = {Cape Town, South Africa},
  pages = {225--234},
  numpages = {10},
  url = {http://doi.acm.org/10.1145/1806799.1806835},
  doi = {10.1145/1806799.1806835},
  acmid = {1806835},
  publisher = {ACM},
  address = {New York, NY, USA},
  keywords = {Java PathFinder, Pex, UDITA, automated testing, test filtering, test generation, test predicates, test programs},
}

@inproceedings{Rizzi:2016:TWC:2884781.2884835,
  author = {Rizzi, Eric F. and Elbaum, Sebastian and Dwyer, Matthew B.},
  title = {On the Techniques We Create, the Tools We Build, and Their Misalignments: A Study of KLEE},
  booktitle = {Proceedings of the 38th International Conference on Software Engineering},
  series = {ICSE '16},
  year = {2016},
  isbn = {978-1-4503-3900-1},
  location = {Austin, Texas},
  pages = {132--143},
  numpages = {12},
  url = {http://doi.acm.org/10.1145/2884781.2884835},
  doi = {10.1145/2884781.2884835},
  acmid = {2884835},
  publisher = {ACM},
  address = {New York, NY, USA},
  keywords = {replication, research incentives, research tools and infrastructure},
}

@article{Roberson:2010:EMG:1932682.1869461,
  author = {Roberson, Michael and Boyapati, Chandrasekhar},
  title = {Efficient Modular Glass Box Software Model Checking},
  journal = {SIGPLAN Not.},
  issue_date = {October 2010},
  volume = {45},
  number = {10},
  month = oct,
  year = {2010},
  issn = {0362-1340},
  pages = {4--21},
  numpages = {18},
  url = {http://doi.acm.org/10.1145/1932682.1869461},
  doi = {10.1145/1932682.1869461},
  acmid = {1869461},
  publisher = {ACM},
  address = {New York, NY, USA},
  keywords = {pipal, software model checking},
}

@inproceedings{Roberson:2010:EMG:1869459.1869461,
  author = {Roberson, Michael and Boyapati, Chandrasekhar},
  title = {Efficient Modular Glass Box Software Model Checking},
  booktitle = {Proceedings of the ACM International Conference on Object Oriented Programming Systems Languages and Applications},
  series = {OOPSLA '10},
  year = {2010},
  isbn = {978-1-4503-0203-6},
  location = {Reno/Tahoe, Nevada, USA},
  pages = {4--21},
  numpages = {18},
  url = {http://doi.acm.org/10.1145/1869459.1869461},
  doi = {10.1145/1869459.1869461},
  acmid = {1869461},
  publisher = {ACM},
  address = {New York, NY, USA},
  keywords = {pipal, software model checking},
}

@inproceedings{Braione:2017:CSE:3092703.3092715,
  author = {Braione, Pietro and Denaro, Giovanni and Mattavelli, Andrea and Pezz\`{e}, Mauro},
  title = {Combining Symbolic Execution and Search-based Testing for Programs with Complex Heap Inputs},
  booktitle = {Proceedings of the 26th ACM SIGSOFT International Symposium on Software Testing and Analysis},
  series = {ISSTA 2017},
  year = {2017},
  isbn = {978-1-4503-5076-1},
  location = {Santa Barbara, CA, USA},
  pages = {90--101},
  numpages = {12},
  url = {http://doi.acm.org/10.1145/3092703.3092715},
  doi = {10.1145/3092703.3092715},
  acmid = {3092715},
  publisher = {ACM},
  address = {New York, NY, USA},
  keywords = {Automatic test case generation, Search-based software engineering, Symbolic execution},
}

@article{Distefano:2008:JTP:1449955.1449782,
  author = {Distefano, Dino and Parkinson J, Matthew J.},
  title = {jStar: Towards Practical Verification for Java},
  journal = {SIGPLAN Not.},
  issue_date = {September 2008},
  volume = {43},
  number = {10},
  month = oct,
  year = {2008},
  issn = {0362-1340},
  pages = {213--226},
  numpages = {14},
  url = {http://doi.acm.org/10.1145/1449955.1449782},
  doi = {10.1145/1449955.1449782},
  acmid = {1449782},
  publisher = {ACM},
  address = {New York, NY, USA},
  keywords = {classes, design patterns, moduarity, separation logic},
}

@inproceedings{Distefano:2008:JTP:1449764.1449782,
  author = {Distefano, Dino and Parkinson J, Matthew J.},
  title = {jStar: Towards Practical Verification for Java},
  booktitle = {Proceedings of the 23rd ACM SIGPLAN Conference on Object-oriented Programming Systems Languages and Applications},
  series = {OOPSLA '08},
  year = {2008},
  isbn = {978-1-60558-215-3},
  location = {Nashville, TN, USA},
  pages = {213--226},
  numpages = {14},
  url = {http://doi.acm.org/10.1145/1449764.1449782},
  doi = {10.1145/1449764.1449782},
  acmid = {1449782},
  publisher = {ACM},
  address = {New York, NY, USA},
  keywords = {classes, design patterns, moduarity, separation logic},
}

@article{Csallner:2008:DHA:1348250.1348254,
  author = {Csallner, Christoph and Smaragdakis, Yannis and Xie, Tao},
  title = {DSD-Crasher: A Hybrid Analysis Tool for Bug Finding},
  journal = {ACM Trans. Softw. Eng. Methodol.},
  issue_date = {April 2008},
  volume = {17},
  number = {2},
  month = may,
  year = {2008},
  issn = {1049-331X},
  pages = {8:1--8:37},
  articleno = {8},
  numpages = {37},
  url = {http://doi.acm.org/10.1145/1348250.1348254},
  doi = {10.1145/1348250.1348254},
  acmid = {1348254},
  publisher = {ACM},
  address = {New York, NY, USA},
  keywords = {Automatic testing, bug finding, dynamic analysis, dynamic invariant detection, extended static checking, false positives, static analysis, test case generation, usability},
}
