@article{Voas:1995:STE:223427.211854,
 author = {Voas, J. and Payne, J. and Mills, R. and McManus, J.},
 title = {Software Testability: An Experiment in Measuring Simulation Reusability},
 journal = {SIGSOFT Softw. Eng. Notes},
 issue_date = {Aug. 1995},
 volume = {20},
 number = {SI},
 month = aug,
 year = {1995},
 issn = {0163-5948},
 pages = {247--255},
 numpages = {9},
 url = {http://doi.acm.org/10.1145/223427.211854},
 doi = {10.1145/223427.211854},
 acmid = {211854},
 publisher = {ACM},
 address = {New York, NY, USA},
 keywords = {software reusability, software testability, software testing},
}

@inproceedings{Voas:1995:STE:211782.211854,
 author = {Voas, J. and Payne, J. and Mills, R. and McManus, J.},
 title = {Software Testability: An Experiment in Measuring Simulation Reusability},
 booktitle = {Proceedings of the 1995 Symposium on Software Reusability},
 series = {SSR '95},
 year = {1995},
 isbn = {0-89791-739-1},
 location = {Seattle, Washington, USA},
 pages = {247--255},
 numpages = {9},
 url = {http://doi.acm.org/10.1145/211782.211854},
 doi = {10.1145/211782.211854},
 acmid = {211854},
 publisher = {ACM},
 address = {New York, NY, USA},
 keywords = {software reusability, software testability, software testing},
}

@inproceedings{Mougouei:2017:DSR:3098344.3098411,
 author = {Mougouei, Davoud and Powers, David M. W. and Moeini, Asghar},
 title = {Dependency-aware Software Release Planning},
 booktitle = {Proceedings of the 39th International Conference on Software Engineering Companion},
 series = {ICSE-C '17},
 year = {2017},
 isbn = {978-1-5386-1589-8},
 location = {Buenos Aires, Argentina},
 pages = {198--200},
 numpages = {3},
 url = {https://doi.org/10.1109/ICSE-C.2017.74},
 doi = {10.1109/ICSE-C.2017.74},
 acmid = {3098411},
 publisher = {IEEE Press},
 address = {Piscataway, NJ, USA},
 keywords = {dependency, software release planning, value},
}

@inproceedings{Tseng:2003:SNA:775832.776049,
 author = {Tseng, Ken and Kariat, Vinod},
 title = {Static Noise Analysis with Noise Windows},
 booktitle = {Proceedings of the 40th Annual Design Automation Conference},
 series = {DAC '03},
 year = {2003},
 isbn = {1-58113-688-9},
 location = {Anaheim, CA, USA},
 pages = {864--868},
 numpages = {5},
 url = {http://doi.acm.org/10.1145/775832.776049},
 doi = {10.1145/775832.776049},
 acmid = {776049},
 publisher = {ACM},
 address = {New York, NY, USA},
 keywords = {crosstalk, noise, signal integrity},
}

@inproceedings{Ukkonen:2007:DCD:1341012.1341052,
 author = {Ukkonen, Tomas and Sarjakoski, Tapani and Oksanen, Juha},
 title = {Distributed Computation of Drainage Basin Delineations from Uncertain Digital Elevation Models},
 booktitle = {Proceedings of the 15th Annual ACM International Symposium on Advances in Geographic Information Systems},
 series = {GIS '07},
 year = {2007},
 isbn = {978-1-59593-914-2},
 location = {Seattle, Washington},
 pages = {31:1--31:8},
 articleno = {31},
 numpages = {8},
 url = {http://doi.acm.org/10.1145/1341012.1341052},
 doi = {10.1145/1341012.1341052},
 acmid = {1341052},
 publisher = {ACM},
 address = {New York, NY, USA},
 keywords = {distributed computing, drainage basin delineation, parallel computing, removal of surface depressions},
}

@article{Schlickling:2010:SDT:1755951.1755899,
 author = {Schlickling, Marc and Pister, Markus},
 title = {Semi-automatic Derivation of Timing Models for WCET Analysis},
 journal = {SIGPLAN Not.},
 issue_date = {April 2010},
 volume = {45},
 number = {4},
 month = apr,
 year = {2010},
 issn = {0362-1340},
 pages = {67--76},
 numpages = {10},
 url = {http://doi.acm.org/10.1145/1755951.1755899},
 doi = {10.1145/1755951.1755899},
 acmid = {1755899},
 publisher = {ACM},
 address = {New York, NY, USA},
 keywords = {hard real-time, vhdl, worst-case execution time},
}

@inproceedings{Schlickling:2010:SDT:1755888.1755899,
 author = {Schlickling, Marc and Pister, Markus},
 title = {Semi-automatic Derivation of Timing Models for WCET Analysis},
 booktitle = {Proceedings of the ACM SIGPLAN/SIGBED 2010 Conference on Languages, Compilers, and Tools for Embedded Systems},
 series = {LCTES '10},
 year = {2010},
 isbn = {978-1-60558-953-4},
 location = {Stockholm, Sweden},
 pages = {67--76},
 numpages = {10},
 url = {http://doi.acm.org/10.1145/1755888.1755899},
 doi = {10.1145/1755888.1755899},
 acmid = {1755899},
 publisher = {ACM},
 address = {New York, NY, USA},
 keywords = {hard real-time, vhdl, worst-case execution time},
}

@inproceedings{Lee:2017:IWD:3079452.3079473,
 author = {Lee, Eva K. and Pietz, Ferdinand H. and Chen, Chien-Hung and Liu, Yifan},
 title = {An Interactive Web-based Decision Support System for Mass Dispensing, Emergency Preparedness, and Biosurveillance},
 booktitle = {Proceedings of the 2017 International Conference on Digital Health},
 series = {DH '17},
 year = {2017},
 isbn = {978-1-4503-5249-9},
 location = {London, United Kingdom},
 pages = {137--146},
 numpages = {10},
 url = {http://doi.acm.org/10.1145/3079452.3079473},
 doi = {10.1145/3079452.3079473},
 acmid = {3079473},
 publisher = {ACM},
 address = {New York, NY, USA},
 keywords = {agent-based modeling., disease modeling, emergency response, facility location optimization, mass dispensing, network analysis, real-time decision support, simulation-optimization},
}

@inproceedings{Morozov:2016:SEP:3022099.3022103,
 author = {Morozov, Andrey and Janschek, Klaus and Kr\"{u}ger, Thomas and Schiele, Andr{\'e}},
 title = {Stochastic Error Propagation Analysis of Model-driven Space Robotic Software Implemented in Simulink},
 booktitle = {Proceedings of the 3rd Workshop on Model-Driven Robot Software Engineering},
 series = {MORSE '16},
 year = {2016},
 isbn = {978-1-4503-4259-9},
 location = {Leipzig, Germany},
 pages = {24--31},
 numpages = {8},
 url = {http://doi.acm.org/10.1145/3022099.3022103},
 doi = {10.1145/3022099.3022103},
 acmid = {3022103},
 publisher = {ACM},
 address = {New York, NY, USA},
 keywords = {Error propagation model, Simulink, control flow, data flow, model transformation, model-based analysis, model-driven software, space robotic software},
}

@inproceedings{Kochte:2010:EFS:1837274.1837369,
 author = {Kochte, Michael A. and Schaal, Marcel and Wunderlich, Hans-Joachim and Zoellin, Christian G.},
 title = {Efficient Fault Simulation on Many-core Processors},
 booktitle = {Proceedings of the 47th Design Automation Conference},
 series = {DAC '10},
 year = {2010},
 isbn = {978-1-4503-0002-5},
 location = {Anaheim, California},
 pages = {380--385},
 numpages = {6},
 url = {http://doi.acm.org/10.1145/1837274.1837369},
 doi = {10.1145/1837274.1837369},
 acmid = {1837369},
 publisher = {ACM},
 address = {New York, NY, USA},
 keywords = {PPSFP, many-core processors, parallel fault simulation},
}

@inproceedings{Ichimura:2015:INW:2807591.2807674,
 author = {Ichimura, Tsuyoshi and Fujita, Kohei and Quinay, Pher Errol Balde and Maddegedara, Lalith and Hori, Muneo and Tanaka, Seizo and Shizawa, Yoshihisa and Kobayashi, Hiroshi and Minami, Kazuo},
 title = {Implicit Nonlinear Wave Simulation with 1.08T DOF and 0.270T Unstructured Finite Elements to Enhance Comprehensive Earthquake Simulation},
 booktitle = {Proceedings of the International Conference for High Performance Computing, Networking, Storage and Analysis},
 series = {SC '15},
 year = {2015},
 isbn = {978-1-4503-3723-6},
 location = {Austin, Texas},
 pages = {4:1--4:12},
 articleno = {4},
 numpages = {12},
 url = {http://doi.acm.org/10.1145/2807591.2807674},
 doi = {10.1145/2807591.2807674},
 acmid = {2807674},
 publisher = {ACM},
 address = {New York, NY, USA},
}

@inproceedings{Dwyer:1994:DFA:193173.195295,
 author = {Dwyer, Matthew B. and Clarke, Lori A.},
 title = {Data Flow Analysis for Verifying Properties of Concurrent Programs},
 booktitle = {Proceedings of the 2Nd ACM SIGSOFT Symposium on Foundations of Software Engineering},
 series = {SIGSOFT '94},
 year = {1994},
 isbn = {0-89791-691-3},
 location = {New Orleans, Louisiana, USA},
 pages = {62--75},
 numpages = {14},
 url = {http://doi.acm.org/10.1145/193173.195295},
 doi = {10.1145/193173.195295},
 acmid = {195295},
 publisher = {ACM},
 address = {New York, NY, USA},
}

@article{Dwyer:1994:DFA:195274.195295,
 author = {Dwyer, Matthew B. and Clarke, Lori A.},
 title = {Data Flow Analysis for Verifying Properties of Concurrent Programs},
 journal = {SIGSOFT Softw. Eng. Notes},
 issue_date = {Dec. 1994},
 volume = {19},
 number = {5},
 month = dec,
 year = {1994},
 issn = {0163-5948},
 pages = {62--75},
 numpages = {14},
 url = {http://doi.acm.org/10.1145/195274.195295},
 doi = {10.1145/195274.195295},
 acmid = {195295},
 publisher = {ACM},
 address = {New York, NY, USA},
}

@inproceedings{Wagner:2003:EWP:948187.948194,
 author = {Wagner, Arno and D\"{u}bendorfer, Thomas and Plattner, Bernhard and Hiestand, Roman},
 title = {Experiences with Worm Propagation Simulations},
 booktitle = {Proceedings of the 2003 ACM Workshop on Rapid Malcode},
 series = {WORM '03},
 year = {2003},
 isbn = {1-58113-785-0},
 location = {Washington, DC, USA},
 pages = {34--41},
 numpages = {8},
 url = {http://doi.acm.org/10.1145/948187.948194},
 doi = {10.1145/948187.948194},
 acmid = {948194},
 publisher = {ACM},
 address = {New York, NY, USA},
 keywords = {bandwidth, internet worms, latency, simulation},
}

@inproceedings{Kohlhase:2011:MIC:2038476.2038510,
 author = {Kohlhase, Andrea and Kohlhase, Michael},
 title = {Maintaining Islands of Consistency via Versioned Links},
 booktitle = {Proceedings of the 29th ACM International Conference on Design of Communication},
 series = {SIGDOC '11},
 year = {2011},
 isbn = {978-1-4503-0936-3},
 location = {Pisa, Italy},
 pages = {167--174},
 numpages = {8},
 url = {http://doi.acm.org/10.1145/2038476.2038510},
 doi = {10.1145/2038476.2038510},
 acmid = {2038510},
 publisher = {ACM},
 address = {New York, NY, USA},
 keywords = {change management, consistency management, knowledge management, links, references},
}

@inproceedings{Lickly:2011:POF:2038642.2038648,
 author = {Lickly, Ben and Shelton, Charles and Latronico, Elizabeth and Lee, Edward A.},
 title = {A Practical Ontology Framework for Static Model Analysis},
 booktitle = {Proceedings of the Ninth ACM International Conference on Embedded Software},
 series = {EMSOFT '11},
 year = {2011},
 isbn = {978-1-4503-0714-7},
 location = {Taipei, Taiwan},
 pages = {23--32},
 numpages = {10},
 url = {http://doi.acm.org/10.1145/2038642.2038648},
 doi = {10.1145/2038642.2038648},
 acmid = {2038648},
 publisher = {ACM},
 address = {New York, NY, USA},
 keywords = {model engineering, ontologies, static analysis},
}

@inproceedings{Sangoboye:2016:PPF:2993422.2993575,
 author = {Sangoboye, Fisayo Caleb and Kj{\ae}rgaard, Mikkel Baun},
 title = {PLCount: A Probabilistic Fusion Algorithm for Accurately Estimating Occupancy from 3D Camera Counts},
 booktitle = {Proceedings of the 3rd ACM International Conference on Systems for Energy-Efficient Built Environments},
 series = {BuildSys '16},
 year = {2016},
 isbn = {978-1-4503-4264-3},
 location = {Palo Alto, CA, USA},
 pages = {147--156},
 numpages = {10},
 url = {http://doi.acm.org/10.1145/2993422.2993575},
 doi = {10.1145/2993422.2993575},
 acmid = {2993575},
 publisher = {ACM},
 address = {New York, NY, USA},
 keywords = {Building occupancy, camera counters, count estimation, occupancy correction, occupancy sensing, probability distribution},
}

@inproceedings{Fdhila:2014:PCP:2554850.2554966,
 author = {Fdhila, Walid and Rinderle-Ma, Stefanie},
 title = {Predicting Change Propagation Impacts in Collaborative Business Processes},
 booktitle = {Proceedings of the 29th Annual ACM Symposium on Applied Computing},
 series = {SAC '14},
 year = {2014},
 isbn = {978-1-4503-2469-4},
 location = {Gyeongju, Republic of Korea},
 pages = {1378--1385},
 numpages = {8},
 url = {http://doi.acm.org/10.1145/2554850.2554966},
 doi = {10.1145/2554850.2554966},
 acmid = {2554966},
 publisher = {ACM},
 address = {New York, NY, USA},
 keywords = {change propagation, collaborative business processes, impact analysis, prediction},
}

@inproceedings{Pomeranz:2011:DTF:2024724.2024824,
 author = {Pomeranz, Irith},
 title = {Diagnosis of Transition Fault Clusters},
 booktitle = {Proceedings of the 48th Design Automation Conference},
 series = {DAC '11},
 year = {2011},
 isbn = {978-1-4503-0636-2},
 location = {San Diego, California},
 pages = {429--434},
 numpages = {6},
 url = {http://doi.acm.org/10.1145/2024724.2024824},
 doi = {10.1145/2024724.2024824},
 acmid = {2024824},
 publisher = {ACM},
 address = {New York, NY, USA},
 keywords = {fault diagnosis, full-scan circuits, transition faults},
}

@article{Althaus:2011:PEP:2016603.1967697,
 author = {Althaus, Ernst and Altmeyer, Sebastian and Naujoks, Rouven},
 title = {Precise and Efficient Parametric Path Analysis},
 journal = {SIGPLAN Not.},
 issue_date = {May 2011},
 volume = {46},
 number = {5},
 month = apr,
 year = {2011},
 issn = {0362-1340},
 pages = {141--150},
 numpages = {10},
 url = {http://doi.acm.org/10.1145/2016603.1967697},
 doi = {10.1145/2016603.1967697},
 acmid = {1967697},
 publisher = {ACM},
 address = {New York, NY, USA},
 keywords = {graph theory, parametric timing analysis},
}

@inproceedings{Althaus:2011:PEP:1967677.1967697,
 author = {Althaus, Ernst and Altmeyer, Sebastian and Naujoks, Rouven},
 title = {Precise and Efficient Parametric Path Analysis},
 booktitle = {Proceedings of the 2011 SIGPLAN/SIGBED Conference on Languages, Compilers and Tools for Embedded Systems},
 series = {LCTES '11},
 year = {2011},
 isbn = {978-1-4503-0555-6},
 location = {Chicago, IL, USA},
 pages = {141--150},
 numpages = {10},
 url = {http://doi.acm.org/10.1145/1967677.1967697},
 doi = {10.1145/1967677.1967697},
 acmid = {1967697},
 publisher = {ACM},
 address = {New York, NY, USA},
 keywords = {graph theory, parametric timing analysis},
}

@inproceedings{Marzolla:2012:OEC:2304696.2304718,
 author = {Marzolla, Moreno},
 title = {Optimizing the Energy Consumption of Large-scale Applications},
 booktitle = {Proceedings of the 8th International ACM SIGSOFT Conference on Quality of Software Architectures},
 series = {QoSA '12},
 year = {2012},
 isbn = {978-1-4503-1346-9},
 location = {Bertinoro, Italy},
 pages = {123--132},
 numpages = {10},
 url = {http://doi.acm.org/10.1145/2304696.2304718},
 doi = {10.1145/2304696.2304718},
 acmid = {2304718},
 publisher = {ACM},
 address = {New York, NY, USA},
 keywords = {green computing, qos management},
}

@inproceedings{Distefano:2011:CMR:2000229.2000251,
 author = {Distefano, Salvatore and Filieri, Antonio and Ghezzi, Carlo and Mirandola, Raffaela},
 title = {A Compositional Method for Reliability Analysis of Workflows Affected by Multiple Failure Modes},
 booktitle = {Proceedings of the 14th International ACM Sigsoft Symposium on Component Based Software Engineering},
 series = {CBSE '11},
 year = {2011},
 isbn = {978-1-4503-0723-9},
 location = {Boulder, Colorado, USA},
 pages = {149--158},
 numpages = {10},
 url = {http://doi.acm.org/10.1145/2000229.2000251},
 doi = {10.1145/2000229.2000251},
 acmid = {2000251},
 publisher = {ACM},
 address = {New York, NY, USA},
 keywords = {components, probability, reliability, services, workflow},
}

@inproceedings{Santini:2015:ECC:2830689.2830698,
 author = {Santini, Thiago and Rech, Paolo and Carro, Luigi and Wagner, Fl\'{a}vio Rech},
 title = {Exploiting Cache Conflicts to Reduce Radiation Sensitivity of Operating Systems on Embedded Systems},
 booktitle = {Proceedings of the 2015 International Conference on Compilers, Architecture and Synthesis for Embedded Systems},
 series = {CASES '15},
 year = {2015},
 isbn = {978-1-4673-8320-2},
 location = {Amsterdam, The Netherlands},
 pages = {49--58},
 numpages = {10},
 url = {http://dl.acm.org/citation.cfm?id=2830689.2830698},
 acmid = {2830698},
 publisher = {IEEE Press},
 address = {Piscataway, NJ, USA},
 keywords = {applications, reliability, system-on-chip},
}

@inproceedings{Zhang:2013:ADS:2486788.2486830,
 author = {Zhang, Sai and Ernst, Michael D.},
 title = {Automated Diagnosis of Software Configuration Errors},
 booktitle = {Proceedings of the 2013 International Conference on Software Engineering},
 series = {ICSE '13},
 year = {2013},
 isbn = {978-1-4673-3076-3},
 location = {San Francisco, CA, USA},
 pages = {312--321},
 numpages = {10},
 url = {http://dl.acm.org/citation.cfm?id=2486788.2486830},
 acmid = {2486830},
 publisher = {IEEE Press},
 address = {Piscataway, NJ, USA},
}

@inproceedings{Pan:2017:TPA:3101070.3101092,
 author = {Pan, Liuxuan and Tomlinson, Allan and Koloydenko, Alexey A.},
 title = {Time Pattern Analysis of Malware by Circular Statistics},
 booktitle = {Proceedings of the Symposium on Architectures for Networking and Communications Systems},
 series = {ANCS '17},
 year = {2017},
 isbn = {978-1-5090-6386-4},
 location = {Beijing, China},
 pages = {119--130},
 numpages = {12},
 url = {https://doi.org/10.1109/ANCS.2017.26},
 doi = {10.1109/ANCS.2017.26},
 acmid = {3101092},
 publisher = {IEEE Press},
 address = {Piscataway, NJ, USA},
 keywords = {Circular statistics, malware, time patterns, uniformity hypothesis test},
}

@article{Ruf:1995:OSR:202530.202535,
 author = {Ruf, Erik},
 title = {Optimizing Sparse Representations for Dataflow Analysis},
 journal = {SIGPLAN Not.},
 issue_date = {March 1993},
 volume = {30},
 number = {3},
 month = mar,
 year = {1995},
 issn = {0362-1340},
 pages = {50--61},
 numpages = {12},
 url = {http://doi.acm.org/10.1145/202530.202535},
 doi = {10.1145/202530.202535},
 acmid = {202535},
 publisher = {ACM},
 address = {New York, NY, USA},
}

@inproceedings{Ruf:1995:OSR:202529.202535,
 author = {Ruf, Erik},
 title = {Optimizing Sparse Representations for Dataflow Analysis},
 booktitle = {Papers from the 1995 ACM SIGPLAN Workshop on Intermediate Representations},
 series = {IR '95},
 year = {1995},
 isbn = {0-89791-754-5},
 location = {San Francisco, California, USA},
 pages = {50--61},
 numpages = {12},
 url = {http://doi.acm.org/10.1145/202529.202535},
 doi = {10.1145/202529.202535},
 acmid = {202535},
 publisher = {ACM},
 address = {New York, NY, USA},
}

@inproceedings{Cong:2006:APR:1183614.1183705,
 author = {Cong, Gao and Fan, Wenfei and Geerts, Floris},
 title = {Annotation Propagation Revisited for Key Preserving Views},
 booktitle = {Proceedings of the 15th ACM International Conference on Information and Knowledge Management},
 series = {CIKM '06},
 year = {2006},
 isbn = {1-59593-433-2},
 location = {Arlington, Virginia, USA},
 pages = {632--641},
 numpages = {10},
 url = {http://doi.acm.org/10.1145/1183614.1183705},
 doi = {10.1145/1183614.1183705},
 acmid = {1183705},
 publisher = {ACM},
 address = {New York, NY, USA},
 keywords = {annotations, provenance, view updates},
}

@inproceedings{Bohannon:2006:PCS:1182635.1164155,
 author = {Bohannon, Philip and Elnahrawy, Eiman and Fan, Wenfei and Flaster, Michael},
 title = {Putting Context into Schema Matching},
 booktitle = {Proceedings of the 32Nd International Conference on Very Large Data Bases},
 series = {VLDB '06},
 year = {2006},
 location = {Seoul, Korea},
 pages = {307--318},
 numpages = {12},
 url = {http://dl.acm.org/citation.cfm?id=1182635.1164155},
 acmid = {1164155},
 publisher = {VLDB Endowment},
}

@article{Lhotak:2011:PAE:1925844.1926389,
 author = {Lhot\'{a}k, Ondrej and Chung, Kwok-Chiang Andrew},
 title = {Points-to Analysis with Efficient Strong Updates},
 journal = {SIGPLAN Not.},
 issue_date = {January 2011},
 volume = {46},
 number = {1},
 month = jan,
 year = {2011},
 issn = {0362-1340},
 pages = {3--16},
 numpages = {14},
 url = {http://doi.acm.org/10.1145/1925844.1926389},
 doi = {10.1145/1925844.1926389},
 acmid = {1926389},
 publisher = {ACM},
 address = {New York, NY, USA},
 keywords = {andersen's analysis, flow sensitivity, llvm, points-to analysis, strong updates},
}

@inproceedings{Lhotak:2011:PAE:1926385.1926389,
 author = {Lhot\'{a}k, Ondrej and Chung, Kwok-Chiang Andrew},
 title = {Points-to Analysis with Efficient Strong Updates},
 booktitle = {Proceedings of the 38th Annual ACM SIGPLAN-SIGACT Symposium on Principles of Programming Languages},
 series = {POPL '11},
 year = {2011},
 isbn = {978-1-4503-0490-0},
 location = {Austin, Texas, USA},
 pages = {3--16},
 numpages = {14},
 url = {http://doi.acm.org/10.1145/1926385.1926389},
 doi = {10.1145/1926385.1926389},
 acmid = {1926389},
 publisher = {ACM},
 address = {New York, NY, USA},
 keywords = {andersen's analysis, flow sensitivity, llvm, points-to analysis, strong updates},
}

@inproceedings{Midtgaard:2014:SDS:2577080.2577091,
 author = {Midtgaard, Jan and Brabrand, Claus and Wasowski, Andrzej},
 title = {Systematic Derivation of Static Analyses for Software Product Lines},
 booktitle = {Proceedings of the 13th International Conference on Modularity},
 series = {MODULARITY '14},
 year = {2014},
 isbn = {978-1-4503-2772-5},
 location = {Lugano, Switzerland},
 pages = {181--192},
 numpages = {12},
 url = {http://doi.acm.org/10.1145/2577080.2577091},
 doi = {10.1145/2577080.2577091},
 acmid = {2577091},
 publisher = {ACM},
 address = {New York, NY, USA},
 keywords = {abstract interpretation, software product lines, static analysis, verification},
}

@article{Dwyer:2004:FAV:1040291.1040292,
 author = {Dwyer, Matthew B. and Clarke, Lori A. and Cobleigh, Jamieson M. and Naumovich, Gleb},
 title = {Flow Analysis for Verifying Properties of Concurrent Software Systems},
 journal = {ACM Trans. Softw. Eng. Methodol.},
 issue_date = {October 2004},
 volume = {13},
 number = {4},
 month = oct,
 year = {2004},
 issn = {1049-331X},
 pages = {359--430},
 numpages = {72},
 url = {http://doi.acm.org/10.1145/1040291.1040292},
 doi = {10.1145/1040291.1040292},
 acmid = {1040292},
 publisher = {ACM},
 address = {New York, NY, USA},
 keywords = {Dataflow analysis, finite-state verification, model checking},
}

@inproceedings{Weiss:2015:DPA:2818754.2818827,
 author = {Weiss, Cathrin and Rubio-Gonz\'{a}lez, Cindy and Liblit, Ben},
 title = {Database-backed Program Analysis for Scalable Error Propagation},
 booktitle = {Proceedings of the 37th International Conference on Software Engineering - Volume 1},
 series = {ICSE '15},
 year = {2015},
 isbn = {978-1-4799-1934-5},
 location = {Florence, Italy},
 pages = {586--597},
 numpages = {12},
 url = {http://dl.acm.org/citation.cfm?id=2818754.2818827},
 acmid = {2818827},
 publisher = {IEEE Press},
 address = {Piscataway, NJ, USA},
}

@article{Wang:2017:GSD:3093315.3037744,
 author = {Wang, Kai and Hussain, Aftab and Zuo, Zhiqiang and Xu, Guoqing and Amiri Sani, Ardalan},
 title = {Graspan: A Single-machine Disk-based Graph System for Interprocedural Static Analyses of Large-scale Systems Code},
 journal = {SIGOPS Oper. Syst. Rev.},
 issue_date = {June 2017},
 volume = {51},
 number = {2},
 month = apr,
 year = {2017},
 issn = {0163-5980},
 pages = {389--404},
 numpages = {16},
 url = {http://doi.acm.org/10.1145/3093315.3037744},
 doi = {10.1145/3093315.3037744},
 acmid = {3037744},
 publisher = {ACM},
 address = {New York, NY, USA},
 keywords = {disk-based systems, graph processing, static analysis},
}

@article{Wang:2017:GSD:3093337.3037744,
 author = {Wang, Kai and Hussain, Aftab and Zuo, Zhiqiang and Xu, Guoqing and Amiri Sani, Ardalan},
 title = {Graspan: A Single-machine Disk-based Graph System for Interprocedural Static Analyses of Large-scale Systems Code},
 journal = {SIGARCH Comput. Archit. News},
 issue_date = {March 2017},
 volume = {45},
 number = {1},
 month = apr,
 year = {2017},
 issn = {0163-5964},
 pages = {389--404},
 numpages = {16},
 url = {http://doi.acm.org/10.1145/3093337.3037744},
 doi = {10.1145/3093337.3037744},
 acmid = {3037744},
 publisher = {ACM},
 address = {New York, NY, USA},
 keywords = {disk-based systems, graph processing, static analysis},
}

@inproceedings{Wang:2017:GSD:3037697.3037744,
 author = {Wang, Kai and Hussain, Aftab and Zuo, Zhiqiang and Xu, Guoqing and Amiri Sani, Ardalan},
 title = {Graspan: A Single-machine Disk-based Graph System for Interprocedural Static Analyses of Large-scale Systems Code},
 booktitle = {Proceedings of the Twenty-Second International Conference on Architectural Support for Programming Languages and Operating Systems},
 series = {ASPLOS '17},
 year = {2017},
 isbn = {978-1-4503-4465-4},
 location = {Xi'an, China},
 pages = {389--404},
 numpages = {16},
 url = {http://doi.acm.org/10.1145/3037697.3037744},
 doi = {10.1145/3037697.3037744},
 acmid = {3037744},
 publisher = {ACM},
 address = {New York, NY, USA},
 keywords = {disk-based systems, graph processing, static analysis},
}

@article{Wang:2017:GSD:3093336.3037744,
 author = {Wang, Kai and Hussain, Aftab and Zuo, Zhiqiang and Xu, Guoqing and Amiri Sani, Ardalan},
 title = {Graspan: A Single-machine Disk-based Graph System for Interprocedural Static Analyses of Large-scale Systems Code},
 journal = {SIGPLAN Not.},
 issue_date = {April 2017},
 volume = {52},
 number = {4},
 month = apr,
 year = {2017},
 issn = {0362-1340},
 pages = {389--404},
 numpages = {16},
 url = {http://doi.acm.org/10.1145/3093336.3037744},
 doi = {10.1145/3093336.3037744},
 acmid = {3037744},
 publisher = {ACM},
 address = {New York, NY, USA},
 keywords = {disk-based systems, graph processing, static analysis},
}

@article{Duesterwald:1997:PFD:267959.269970,
 author = {Duesterwald, Evelyn and Gupta, Rajiv and Soffa, Mary Lou},
 title = {A Practical Framework for Demand-driven Interprocedural Data Flow Analysis},
 journal = {ACM Trans. Program. Lang. Syst.},
 issue_date = {Nov. 1997},
 volume = {19},
 number = {6},
 month = nov,
 year = {1997},
 issn = {0164-0925},
 pages = {992--1030},
 numpages = {39},
 url = {http://doi.acm.org/10.1145/267959.269970},
 doi = {10.1145/267959.269970},
 acmid = {269970},
 publisher = {ACM},
 address = {New York, NY, USA},
 keywords = {copy constant propagation, data flow analysis, def-use chains, demand-driven algorithms, distributive data flow frameworks, interprocedural data flow analysis, program optimizations},
}

@article{Scherrer:2015:AMP:2789272.2886802,
 author = {Scherrer, Bruno and Ghavamzadeh, Mohammad and Gabillon, Victor and Lesner, Boris and Geist, Matthieu},
 title = {Approximate Modified Policy Iteration and Its Application to the Game of Tetris},
 journal = {J. Mach. Learn. Res.},
 issue_date = {January 2015},
 volume = {16},
 number = {1},
 month = jan,
 year = {2015},
 issn = {1532-4435},
 pages = {1629--1676},
 numpages = {48},
 url = {http://dl.acm.org/citation.cfm?id=2789272.2886802},
 acmid = {2886802},
 publisher = {JMLR.org},
 keywords = {Markov decision processes, approximate dynamic programming, finite-sample analysis, game of tetris, performance bounds, reinforcement learning},
}

@article{Xu:2014:SRB:2628068.2560047,
 author = {Xu, Guoqing and Mitchell, Nick and Arnold, Matthew and Rountev, Atanas and Schonberg, Edith and Sevitsky, Gary},
 title = {Scalable Runtime Bloat Detection Using Abstract Dynamic Slicing},
 journal = {ACM Trans. Softw. Eng. Methodol.},
 issue_date = {May 2014},
 volume = {23},
 number = {3},
 month = jun,
 year = {2014},
 issn = {1049-331X},
 pages = {23:1--23:50},
 articleno = {23},
 numpages = {50},
 url = {http://doi.acm.org/10.1145/2560047},
 doi = {10.1145/2560047},
 acmid = {2560047},
 publisher = {ACM},
 address = {New York, NY, USA},
 keywords = {Runtime bloat, abstract dynamic slicing, copy profiling, cost-benefit analysis, dynamic analysis},
}

@incollection{Cui:2017:SMC:3122865.3122872,
 author = {Cui, Peng},
 chapter = {Social-sensed Multimedia Computing},
 title = {Frontiers of Multimedia Research},
 editor = {Chang, Shih-Fu},
 year = {2018},
 isbn = {978-1-97000-107-5},
 pages = {137--157},
 numpages = {21},
 url = {https://doi.org/10.1145/3122865.3122872},
 doi = {10.1145/3122865.3122872},
 acmid = {3122872},
 publisher = {Association for Computing Machinery and Morgan \&\#38; Claypool},
 address = {New York, NY, USA},
}

