@inproceedings{Zhang:2009:FAA:1555001.1555053,
  author = {Zhang, Charles},
  title = {FlexSync: An Aspect-oriented Approach to Java Synchronization},
  booktitle = {Proceedings of the 31st International Conference on Software Engineering},
  series = {ICSE '09},
  year = {2009},
  isbn = {978-1-4244-3453-4},
  pages = {375--385},
  numpages = {11},
  url = {http://dx.doi.org/10.1109/ICSE.2009.5070537},
  doi = {10.1109/ICSE.2009.5070537},
  acmid = {1555053},
  publisher = {IEEE Computer Society},
  address = {Washington, DC, USA},
  review={implementa uma nova ferramenta usando o software Indus como base},
  really_refers_to_software={yes},
  reference_weight={0.25},
}

@article{Huang:2012:LSC:2398857.2384649,
  author = {Huang, Jeff and Zhang, Charles},
  title = {LEAN: Simplifying Concurrency Bug Reproduction via Replay-supported Execution Reduction},
  journal = {SIGPLAN Not.},
  issue_date = {October 2012},
  volume = {47},
  number = {10},
  month = oct,
  year = {2012},
  issn = {0362-1340},
  pages = {451--466},
  numpages = {16},
  url = {http://doi.acm.org/10.1145/2398857.2384649},
  doi = {10.1145/2398857.2384649},
  acmid = {2384649},
  publisher = {ACM},
  address = {New York, NY, USA},
  keywords = {concurrency defect, execution reduction, replay},
  review={implementa um algoritmo de 'slicing' com base no software Indus},
  really_refers_to_software={yes},
  reference_weight={0.25},
}

@inproceedings{Huang:2012:LSC:2384616.2384649,
  author = {Huang, Jeff and Zhang, Charles},
  title = {LEAN: Simplifying Concurrency Bug Reproduction via Replay-supported Execution Reduction},
  booktitle = {Proceedings of the ACM International Conference on Object Oriented Programming Systems Languages and Applications},
  series = {OOPSLA '12},
  year = {2012},
  isbn = {978-1-4503-1561-6},
  location = {Tucson, Arizona, USA},
  pages = {451--466},
  numpages = {16},
  url = {http://doi.acm.org/10.1145/2384616.2384649},
  doi = {10.1145/2384616.2384649},
  acmid = {2384649},
  publisher = {ACM},
  address = {New York, NY, USA},
  keywords = {concurrency defect, execution reduction, replay},
  review={item duplicado},
  really_refers_to_software={no},
}
