@inproceedings{Wu:2011:IMR:2190078.2190178,
  author = {Wu, Qian and Liang, Guangtai and Wang, Qianxiang and Xie, Tao and Mei, Hong},
  title = {Iterative Mining of Resource-releasing Specifications},
  booktitle = {Proceedings of the 2011 26th IEEE/ACM International Conference on Automated Software Engineering},
  series = {ASE '11},
  year = {2011},
  isbn = {978-1-4577-1638-6},
  pages = {233--242},
  numpages = {10},
  url = {http://dx.doi.org/10.1109/ASE.2011.6100058},
  doi = {10.1109/ASE.2011.6100058},
  acmid = {2190178},
  publisher = {IEEE Computer Society},
  address = {Washington, DC, USA},
}

@inproceedings{Wimpey:2008:ROR:1593105.1593212,
  author = {Wimpey, Bradley J. and Potter, Walter D.},
  title = {Reusing Objects for Realistic 3D Maps},
  booktitle = {Proceedings of the 46th Annual Southeast Regional Conference on XX},
  series = {ACM-SE 46},
  year = {2008},
  isbn = {978-1-60558-105-7},
  location = {Auburn, Alabama},
  pages = {404--407},
  numpages = {4},
  url = {http://doi.acm.org/10.1145/1593105.1593212},
  doi = {10.1145/1593105.1593212},
  acmid = {1593212},
  publisher = {ACM},
  address = {New York, NY, USA},
  keywords = {3d modeling, mapping, robotics},
}

@article{Chaudhary:2014:ECE:2666357.2597823,
  author = {Chaudhary, Sandeep and Fischmeister, Sebastian and Tan, Lin},
  title = {em-SPADE: A Compiler Extension for Checking Rules Extracted from Processor Specifications},
  journal = {SIGPLAN Not.},
  issue_date = {May 2014},
  volume = {49},
  number = {5},
  month = jun,
  year = {2014},
  issn = {0362-1340},
  pages = {105--114},
  numpages = {10},
  url = {http://doi.acm.org/10.1145/2666357.2597823},
  doi = {10.1145/2666357.2597823},
  acmid = {2597823},
  publisher = {ACM},
  address = {New York, NY, USA},
  keywords = {compiler, embedded systems, llvm, static analysis},
}

@inproceedings{Chaudhary:2014:ECE:2597809.2597823,
  author = {Chaudhary, Sandeep and Fischmeister, Sebastian and Tan, Lin},
  title = {em-SPADE: A Compiler Extension for Checking Rules Extracted from Processor Specifications},
  booktitle = {Proceedings of the 2014 SIGPLAN/SIGBED Conference on Languages, Compilers and Tools for Embedded Systems},
  series = {LCTES '14},
  year = {2014},
  isbn = {978-1-4503-2877-7},
  location = {Edinburgh, United Kingdom},
  pages = {105--114},
  numpages = {10},
  url = {http://doi.acm.org/10.1145/2597809.2597823},
  doi = {10.1145/2597809.2597823},
  acmid = {2597823},
  publisher = {ACM},
  address = {New York, NY, USA},
  keywords = {compiler, embedded systems, llvm, static analysis},
}
