@INPROCEEDINGS{7381811,
  author={J. J. Bai and Y. P. Wang and H. Q. Liu and S. M. Hu},
  booktitle={2015 IEEE 26th International Symposium on Software Reliability Engineering (ISSRE)},
  title={Automated resource release in device drivers},
  year={2015},
  pages={172-182},
  keywords={Linux;data mining;AutoRR;Linux driver mailing lists;allocation hierarchy;automated resource release;control hardware;device drivers;dynamic analysis;error handling paths;operating system;reliable resource management;resource dependency;resource-release omission violations;resource-release omissions;resource-state table;specification-mining techniques;system resources;Dynamic scheduling;Hardware;Linux;Operating systems;Reliability;Resource management;Runtime;LLVM;device drivers;dynamic analysis;operating systems;resource management;resource release},
  doi={10.1109/ISSRE.2015.7381811},
  month={Nov},
}

@INPROCEEDINGS{6100058,
  author={Q. Wu and G. Liang and Q. Wang and T. Xie and H. Mei},
  booktitle={2011 26th IEEE/ACM International Conference on Automated Software Engineering (ASE 2011)},
  title={Iterative mining of resource-releasing specifications},
  year={2011},
  pages={233-242},
  keywords={application program interfaces;data mining;graph theory;iterative methods;pattern classification;program verification;public domain software;API libraries;RRFinder;call graph based propagation;class hierarchy based propagation;classification model;iterative mining;model based prediction;open source libraries;resource releasing API methods;resource releasing specifications;software systems;system failures;verification techniques;Feature extraction;Iterative methods;Java;Libraries;Object oriented modeling;Predictive models;Resource management;resource leak detection;resource-releasing specification;specification mining},
  doi={10.1109/ASE.2011.6100058},
  ISSN={1938-4300},
  month={Nov},
}
