@inproceedings{Bravenboer:2006:SCT:1111542.1111558,
  author = {Bravenboer, Martin and Kalleberg, Karl Trygve and Vermaas, Rob and Visser, Eelco},
  title = {Stratego/XT 0.16: Components for Transformation Systems},
  booktitle = {Proceedings of the 2006 ACM SIGPLAN Symposium on Partial Evaluation and Semantics-based Program Manipulation},
  series = {PEPM '06},
  year = {2006},
  isbn = {1-59593-196-1},
  location = {Charleston, South Carolina},
  pages = {95--99},
  numpages = {5},
  url = {http://doi.acm.org/10.1145/1111542.1111558},
  doi = {10.1145/1111542.1111558},
  acmid = {1111558},
  publisher = {ACM},
  address = {New York, NY, USA},
  keywords = {compilers, parsers, pretty-printers, program analysis, program optimization, program transformation, rewriting strategies, term rewriting, transformation components, transformation systems},
  review={cita o software como uma das primeiras grandes aplicações do Stratego/XT},
  really_refers_to_software={yes},
  contribution_weight={0.1},
}

@inproceedings{Tang:2010:GFO:1774088.1774532,
  author = {Tang, Xiaolong and J\"{a}rvi, Jaakko},
  title = {Generic Flow-sensitive Optimizing Transformations in C++ with Concepts},
  booktitle = {Proceedings of the 2010 ACM Symposium on Applied Computing},
  series = {SAC '10},
  year = {2010},
  isbn = {978-1-60558-639-7},
  location = {Sierre, Switzerland},
  pages = {2111--2118},
  numpages = {8},
  url = {http://doi.acm.org/10.1145/1774088.1774532},
  doi = {10.1145/1774088.1774532},
  acmid = {1774532},
  publisher = {ACM},
  address = {New York, NY, USA},
  keywords = {C++, concepts, high-level optimizations, rewriting},
  review={cita o software como trabalho relacionado},
  really_refers_to_software={yes},
  contribution_weight={0.1},
}

@inproceedings{Brumbulli:2010:SCG:2022793.2022806,
  author = {Brumbulli, Mihal and Fischer, Joachim},
  title = {SDL Code Generation for Network Simulators},
  booktitle = {Proceedings of the 6th International Conference on System Analysis and Modeling: About Models},
  series = {SAM'10},
  year = {2011},
  isbn = {978-3-642-21651-0},
  location = {Oslo, Norway},
  pages = {144--155},
  numpages = {12},
  url = {http://dl.acm.org/citation.cfm?id=2022793.2022806},
  acmid = {2022806},
  publisher = {Springer-Verlag},
  address = {Berlin, Heidelberg},
  keywords = {SDL, code generation, ns-3},
  review={não faz nenhuma referencia ao nome do software},
  really_refers_to_software={no},
}

@inproceedings{Gottschling:2008:ISC:1449913.1449925,
  author = {Gottschling, Peter and Lumsdaine, Andrew},
  title = {Integrating Semantics and Compilation: Using C++ Concepts to Develop Robust and Efficient Reusable Libraries},
  booktitle = {Proceedings of the 7th International Conference on Generative Programming and Component Engineering},
  series = {GPCE '08},
  year = {2008},
  isbn = {978-1-60558-267-2},
  location = {Nashville, TN, USA},
  pages = {67--76},
  numpages = {10},
  url = {http://doi.acm.org/10.1145/1449913.1449925},
  doi = {10.1145/1449913.1449925},
  acmid = {1449925},
  publisher = {ACM},
  address = {New York, NY, USA},
  keywords = {c++, concepts, loop unrolling, optimization, semantic properties, semantic verification},
  review={cita o software como trabalho relacionado},
  really_refers_to_software={yes},
  contribution_weight={0.1},
}

@article{Scherr:2015:AFL:2936314.2814217,
  author = {Scherr, Maximilian and Chiba, Shigeru},
  title = {Almost First-class Language Embedding: Taming Staged Embedded DSLs},
  journal = {SIGPLAN Not.},
  issue_date = {March 2016},
  volume = {51},
  number = {3},
  month = oct,
  year = {2015},
  issn = {0362-1340},
  pages = {21--30},
  numpages = {10},
  url = {http://doi.acm.org/10.1145/2936314.2814217},
  doi = {10.1145/2936314.2814217},
  acmid = {2814217},
  publisher = {ACM},
  address = {New York, NY, USA},
  keywords = {Java, design, embedded DSLs, implementation, metaprogramming, program transformation, programming languages, staging},
  review={cita o software como trabalho relacionado},
  really_refers_to_software={yes},
  contribution_weight={0.1},
}

@inproceedings{Scherr:2015:AFL:2814204.2814217,
  author = {Scherr, Maximilian and Chiba, Shigeru},
  title = {Almost First-class Language Embedding: Taming Staged Embedded DSLs},
  booktitle = {Proceedings of the 2015 ACM SIGPLAN International Conference on Generative Programming: Concepts and Experiences},
  series = {GPCE 2015},
  year = {2015},
  isbn = {978-1-4503-3687-1},
  location = {Pittsburgh, PA, USA},
  pages = {21--30},
  numpages = {10},
  url = {http://doi.acm.org/10.1145/2814204.2814217},
  doi = {10.1145/2814204.2814217},
  acmid = {2814217},
  publisher = {ACM},
  address = {New York, NY, USA},
  keywords = {Java, design, embedded DSLs, implementation, metaprogramming, program transformation, programming languages, staging},
  review={item duplicado},
  really_refers_to_software={no},
}

@article{Chafi:2011:DAH:2038037.1941561,
  author = {Chafi, Hassan and Sujeeth, Arvind K. and Brown, Kevin J. and Lee, HyoukJoong and Atreya, Anand R. and Olukotun, Kunle},
  title = {A Domain-specific Approach to Heterogeneous Parallelism},
  journal = {SIGPLAN Not.},
  issue_date = {August 2011},
  volume = {46},
  number = {8},
  month = feb,
  year = {2011},
  issn = {0362-1340},
  pages = {35--46},
  numpages = {12},
  url = {http://doi.acm.org/10.1145/2038037.1941561},
  doi = {10.1145/2038037.1941561},
  acmid = {1941561},
  publisher = {ACM},
  address = {New York, NY, USA},
  keywords = {domain-specific languages, dynamic optimizations, parallel programming, runtimes},
  review={cita o software como trabalho relacionado},
  really_refers_to_software={yes},
  contribution_weight={0.1},
}

@inproceedings{Chafi:2011:DAH:1941553.1941561,
  author = {Chafi, Hassan and Sujeeth, Arvind K. and Brown, Kevin J. and Lee, HyoukJoong and Atreya, Anand R. and Olukotun, Kunle},
  title = {A Domain-specific Approach to Heterogeneous Parallelism},
  booktitle = {Proceedings of the 16th ACM Symposium on Principles and Practice of Parallel Programming},
  series = {PPoPP '11},
  year = {2011},
  isbn = {978-1-4503-0119-0},
  location = {San Antonio, TX, USA},
  pages = {35--46},
  numpages = {12},
  url = {http://doi.acm.org/10.1145/1941553.1941561},
  doi = {10.1145/1941553.1941561},
  acmid = {1941561},
  publisher = {ACM},
  address = {New York, NY, USA},
  keywords = {domain-specific languages, dynamic optimizations, parallel programming, runtimes},
  review={item duplicado},
  really_refers_to_software={no},
}

@article{Willcock:2009:RGP:1837852.1621611,
  author = {Willcock, Jeremiah James and Lumsdaine, Andrew and Quinlan, Daniel J.},
  title = {Reusable, Generic Program Analyses and Transformations},
  journal = {SIGPLAN Not.},
  issue_date = {February 2010},
  volume = {45},
  number = {2},
  month = oct,
  year = {2009},
  issn = {0362-1340},
  pages = {5--14},
  numpages = {10},
  url = {http://doi.acm.org/10.1145/1837852.1621611},
  doi = {10.1145/1837852.1621611},
  acmid = {1621611},
  publisher = {ACM},
  address = {New York, NY, USA},
  keywords = {compiler optimization, generic programming},
  review={cita o software como trabalho relacionado},
  really_refers_to_software={yes},
  contribution_weight={0.1},
}

@inproceedings{Willcock:2009:RGP:1621607.1621611,
  author = {Willcock, Jeremiah James and Lumsdaine, Andrew and Quinlan, Daniel J.},
  title = {Reusable, Generic Program Analyses and Transformations},
  booktitle = {Proceedings of the Eighth International Conference on Generative Programming and Component Engineering},
  series = {GPCE '09},
  year = {2009},
  isbn = {978-1-60558-494-2},
  location = {Denver, Colorado, USA},
  pages = {5--14},
  numpages = {10},
  url = {http://doi.acm.org/10.1145/1621607.1621611},
  doi = {10.1145/1621607.1621611},
  acmid = {1621611},
  publisher = {ACM},
  address = {New York, NY, USA},
  keywords = {compiler optimization, generic programming},
  review={item duplicado},
  really_refers_to_software={no},
}

@inproceedings{Lammel:2003:SPM:643603.643621,
  author = {L\"{a}mmel, Ralf and Visser, Eelco and Visser, Joost},
  title = {Strategic Programming Meets Adaptive Programming},
  booktitle = {Proceedings of the 2Nd International Conference on Aspect-oriented Software Development},
  series = {AOSD '03},
  year = {2003},
  isbn = {1-58113-660-9},
  location = {Boston, Massachusetts},
  pages = {168--177},
  numpages = {10},
  url = {http://doi.acm.org/10.1145/643603.643621},
  doi = {10.1145/643603.643621},
  acmid = {643621},
  publisher = {ACM},
  address = {New York, NY, USA},
  review={cita o software como uma referencia de sistemas para otimizações de programas C++ de domínios específicos implementado em Stratego},
  really_refers_to_software={yes},
  contribution_weight={0.1},
}

@article{Keep:2013:NFC:2544174.2500618,
  author = {Keep, Andrew W. and Dybvig, R. Kent},
  title = {A Nanopass Framework for Commercial Compiler Development},
  journal = {SIGPLAN Not.},
  issue_date = {September 2013},
  volume = {48},
  number = {9},
  month = sep,
  year = {2013},
  issn = {0362-1340},
  pages = {343--350},
  numpages = {8},
  url = {http://doi.acm.org/10.1145/2544174.2500618},
  doi = {10.1145/2544174.2500618},
  acmid = {2500618},
  publisher = {ACM},
  address = {New York, NY, USA},
  keywords = {compiler, nanopass, scheme},
  review={cita o software como trabalho relacionado},
  really_refers_to_software={yes},
  contribution_weight={0.1},
}

@inproceedings{Keep:2013:NFC:2500365.2500618,
  author = {Keep, Andrew W. and Dybvig, R. Kent},
  title = {A Nanopass Framework for Commercial Compiler Development},
  booktitle = {Proceedings of the 18th ACM SIGPLAN International Conference on Functional Programming},
  series = {ICFP '13},
  year = {2013},
  isbn = {978-1-4503-2326-0},
  location = {Boston, Massachusetts, USA},
  pages = {343--350},
  numpages = {8},
  url = {http://doi.acm.org/10.1145/2500365.2500618},
  doi = {10.1145/2500365.2500618},
  acmid = {2500618},
  publisher = {ACM},
  address = {New York, NY, USA},
  keywords = {compiler, nanopass, scheme},
  review={item duplicado},
  really_refers_to_software={no},
}

@article{Mernik:2005:DDL:1118890.1118892,
  author = {Mernik, Marjan and Heering, Jan and Sloane, Anthony M.},
  title = {When and How to Develop Domain-specific Languages},
  journal = {ACM Comput. Surv.},
  issue_date = {December 2005},
  volume = {37},
  number = {4},
  month = dec,
  year = {2005},
  issn = {0360-0300},
  pages = {316--344},
  numpages = {29},
  url = {http://doi.acm.org/10.1145/1118890.1118892},
  doi = {10.1145/1118890.1118892},
  acmid = {1118892},
  publisher = {ACM},
  address = {New York, NY, USA},
  keywords = {Domain-specific language, application language, domain analysis, language development system},
  review={cita o software como exemplo de extensão de uma linguagem existente},
  really_refers_to_software={yes},
  contribution_weight={0.1},
}

@inproceedings{Yi:2007:ATP:1512762.1512773,
  author = {Yi, Qing and Whaley, R. Clint},
  title = {Automated Transformation for Performance-critical Kernels},
  booktitle = {Proceedings of the 2007 Symposium on Library-Centric Software Design},
  series = {LCSD '07},
  year = {2007},
  isbn = {978-1-60558-086-9},
  location = {Montreal, Canada},
  pages = {109--119},
  numpages = {11},
  url = {http://doi.acm.org/10.1145/1512762.1512773},
  doi = {10.1145/1512762.1512773},
  acmid = {1512773},
  publisher = {ACM},
  address = {New York, NY, USA},
  review={cita o artigo selecionado na revisão estruturada},
  really_refers_to_software={no},
}

@inproceedings{Tang:2012:ERU:2245276.2232059,
  author = {Tang, Xiaolong and J\"{a}rvi, Jaakko},
  title = {Exploiting Regularity of User-defined Types to Improve Precision of Program Analyses},
  booktitle = {Proceedings of the 27th Annual ACM Symposium on Applied Computing},
  series = {SAC '12},
  year = {2012},
  isbn = {978-1-4503-0857-1},
  location = {Trento, Italy},
  pages = {1743--1750},
  numpages = {8},
  url = {http://doi.acm.org/10.1145/2245276.2232059},
  doi = {10.1145/2245276.2232059},
  acmid = {2232059},
  publisher = {ACM},
  address = {New York, NY, USA},
  keywords = {C++, generic programming, program analysis},
  review={cita um artigo com o nome do software no título},
  really_refers_to_software={no},
}

@article{Tang:2012:SDA:2432546.2432549,
  author = {Tang, Xiaolong and J\"{a}rvi, Jaakko},
  title = {Summary-based Data-flow Analysis That Understands Regular Composite Objects and Iterators},
  journal = {SIGAPP Appl. Comput. Rev.},
  issue_date = {December 2012},
  volume = {12},
  number = {4},
  month = dec,
  year = {2012},
  issn = {1559-6915},
  pages = {36--47},
  numpages = {12},
  url = {http://doi.acm.org/10.1145/2432546.2432549},
  doi = {10.1145/2432546.2432549},
  acmid = {2432549},
  publisher = {ACM},
  address = {New York, NY, USA},
  keywords = {C++, generic programming, program analysis},
  review={cita um artigo com o nome do software no título},
  really_refers_to_software={no},
}

@inproceedings{Haveraaen:2007:IPP:1512762.1512765,
  author = {Haveraaen, Magne},
  title = {Institutions, Property-aware Programming and Testing},
  booktitle = {Proceedings of the 2007 Symposium on Library-Centric Software Design},
  series = {LCSD '07},
  year = {2007},
  isbn = {978-1-60558-086-9},
  location = {Montreal, Canada},
  pages = {21--30},
  numpages = {10},
  url = {http://doi.acm.org/10.1145/1512762.1512765},
  doi = {10.1145/1512762.1512765},
  acmid = {1512765},
  publisher = {ACM},
  address = {New York, NY, USA},
  keywords = {Sophus software library, algebraic specifications, coordinate-free numerics, generic programming, institutions, systematic software library testing},
  review={cita o artigo selecionado na revisão estruturada},
  really_refers_to_software={no},
}

@inproceedings{White:2008:POF:1375527.1375545,
  author = {White, Brian S. and McKee, Sally A. and Quinlan, Daniel},
  title = {A Projection-based Optimization Framework for Abstractions with Application to the Unstructured Mesh Domain},
  booktitle = {Proceedings of the 22Nd Annual International Conference on Supercomputing},
  series = {ICS '08},
  year = {2008},
  isbn = {978-1-60558-158-3},
  location = {Island of Kos, Greece},
  pages = {104--113},
  numpages = {10},
  url = {http://doi.acm.org/10.1145/1375527.1375545},
  doi = {10.1145/1375527.1375545},
  acmid = {1375545},
  publisher = {ACM},
  address = {New York, NY, USA},
  keywords = {high-level abstraction semantics, rose, unstructured mesh},
  review={cita um artigo com o nome do software no título},
  really_refers_to_software={no},
}

@article{Hong:2012:GDE:2248487.2151013,
  author = {Hong, Sungpack and Chafi, Hassan and Sedlar, Edic and Olukotun, Kunle},
  title = {Green-Marl: A DSL for Easy and Efficient Graph Analysis},
  journal = {SIGPLAN Not.},
  issue_date = {April 2012},
  volume = {47},
  number = {4},
  month = mar,
  year = {2012},
  issn = {0362-1340},
  pages = {349--362},
  numpages = {14},
  url = {http://doi.acm.org/10.1145/2248487.2151013},
  doi = {10.1145/2248487.2151013},
  acmid = {2151013},
  publisher = {ACM},
  address = {New York, NY, USA},
  keywords = {domain-specific language, graph, parallel programming},
  review={cita o software como trabalho relacionado},
  really_refers_to_software={yes},
  contribution_weight={0.1},
}

@article{Hong:2012:GDE:2189750.2151013,
  author = {Hong, Sungpack and Chafi, Hassan and Sedlar, Edic and Olukotun, Kunle},
  title = {Green-Marl: A DSL for Easy and Efficient Graph Analysis},
  journal = {SIGARCH Comput. Archit. News},
  issue_date = {March 2012},
  volume = {40},
  number = {1},
  month = mar,
  year = {2012},
  issn = {0163-5964},
  pages = {349--362},
  numpages = {14},
  url = {http://doi.acm.org/10.1145/2189750.2151013},
  doi = {10.1145/2189750.2151013},
  acmid = {2151013},
  publisher = {ACM},
  address = {New York, NY, USA},
  keywords = {domain-specific language, graph, parallel programming},
  review={item duplicado},
  really_refers_to_software={no},
}

@inproceedings{Hong:2012:GDE:2150976.2151013,
  author = {Hong, Sungpack and Chafi, Hassan and Sedlar, Edic and Olukotun, Kunle},
  title = {Green-Marl: A DSL for Easy and Efficient Graph Analysis},
  booktitle = {Proceedings of the Seventeenth International Conference on Architectural Support for Programming Languages and Operating Systems},
  series = {ASPLOS XVII},
  year = {2012},
  isbn = {978-1-4503-0759-8},
  location = {London, England, UK},
  pages = {349--362},
  numpages = {14},
  url = {http://doi.acm.org/10.1145/2150976.2151013},
  doi = {10.1145/2150976.2151013},
  acmid = {2151013},
  publisher = {ACM},
  address = {New York, NY, USA},
  keywords = {domain-specific language, graph, parallel programming},
  review={item duplicado},
  really_refers_to_software={no},
}
