@inproceedings{Ubayashi:2007:IME:1233843.1233851,
  author = {Ubayashi, Naoyasu and Sakai, Akihiro and Tamai, Tetsuo},
  title = {An Interface Mechanism for Encapsulating Weaving in Class-based AOP},
  booktitle = {Proceedings of the 5th Workshop on Software Engineering Properties of Languages and Aspect Technologies},
  series = {SPLAT '07},
  year = {2007},
  isbn = {978-1-59593-656-1},
  location = {Vancouver, British Columbia, Canada},
  articleno = {8},
  url = {http://doi.acm.org/10.1145/1233843.1233851},
  doi = {10.1145/1233843.1233851},
  acmid = {1233851},
  publisher = {ACM},
  address = {New York, NY, USA},
  keywords = {aspect-oriented programming, information hiding, interface, weaving},
  review={é basicamente o mesmo artigo selecionado na revisão sistemática, os autores apresentam basicamente o mesmo conteúdo, mesmos autores},
  really_refers_to_software={yes},
  contribution_weight={0},
}

@inproceedings{Ubayashi:2007:AWM:1321631.1321656,
  author = {Ubayashi, Naoyasu and Sakai, Akihiro and Tamai, Tetsuo},
  title = {An Aspect-oriented Weaving Mechanism Based on Component and Connector Architecture},
  booktitle = {Proceedings of the Twenty-second IEEE/ACM International Conference on Automated Software Engineering},
  series = {ASE '07},
  year = {2007},
  isbn = {978-1-59593-882-4},
  location = {Atlanta, Georgia, USA},
  pages = {154--163},
  numpages = {10},
  url = {http://doi.acm.org/10.1145/1321631.1321656},
  doi = {10.1145/1321631.1321656},
  acmid = {1321656},
  publisher = {ACM},
  address = {New York, NY, USA},
  keywords = {component and connector architecture, information hiding, interface, weaving},
  review={é o mesmo artigo que publicou o software},
  really_refers_to_software={no},
}

@inproceedings{Ubayashi:2009:PAI:1562860.1562865,
  author = {Ubayashi, Naoyasu and Akatoki, Hidenori and Nomura, Jun},
  title = {Pointcut-based Architectural Interface for Bridging a Gap Between Design and Implementation},
  booktitle = {Proceedings of the Workshop on AOP and Meta-Data for Software Evolution},
  series = {RAM-SE '09},
  year = {2009},
  isbn = {978-1-60558-548-2},
  location = {Genova, Italy},
  pages = {5:1--5:6},
  articleno = {5},
  numpages = {6},
  url = {http://doi.acm.org/10.1145/1562860.1562865},
  doi = {10.1145/1562860.1562865},
  acmid = {1562865},
  publisher = {ACM},
  address = {New York, NY, USA},
  keywords = {ADL, AOP, architecture, interface},
  review={apresenta o compilador archface compiler construído como uma extensão do ccJava, mesmos autores},
  really_refers_to_software={yes},
  contribution_weight={0.5},
}

@inproceedings{Ubayashi:2010:ACP:1806799.1806815,
  author = {Ubayashi, Naoyasu and Nomura, Jun and Tamai, Tetsuo},
  title = {Archface: A Contract Place Where Architectural Design and Code Meet Together},
  booktitle = {Proceedings of the 32Nd ACM/IEEE International Conference on Software Engineering - Volume 1},
  series = {ICSE '10},
  year = {2010},
  isbn = {978-1-60558-719-6},
  location = {Cape Town, South Africa},
  pages = {75--84},
  numpages = {10},
  url = {http://doi.acm.org/10.1145/1806799.1806815},
  doi = {10.1145/1806799.1806815},
  acmid = {1806815},
  publisher = {ACM},
  address = {New York, NY, USA},
  keywords = {ADL, architecture, bidirectional trace-ability, co-evolution, interface, predicate coordination},
  review={apresenta um software que é evolução do ccJava mas mais genérico, projeto chamado Archface é voltado para programação e também design arquitetural, mesmos autores},
  really_refers_to_software={yes},
  contribution_weight={0.5},
}
