@inproceedings{Hajisheykhi:2013:MAT:2536522.2536533,
 author = {Hajisheykhi, Reza and Ebnenasir, Ali and Kulkarni, Sandeep},
 title = {Modeling and Analyzing Timing Faults in Transaction Level SystemC Programs},
 booktitle = {Proceedings of the Sixth International Workshop on Network on Chip Architectures},
 series = {NoCArc '13},
 year = {2013},
 isbn = {978-1-4503-2370-3},
 location = {Davis, California, USA},
 pages = {65--68},
 numpages = {4},
 url = {http://doi.acm.org/10.1145/2536522.2536533},
 doi = {10.1145/2536522.2536533},
 acmid = {2536533},
 publisher = {ACM},
 address = {New York, NY, USA},
}

