@INPROCEEDINGS{5754386, 
author={L. R. Sampaio and A. Perkusich and L. D. da Silva}, 
booktitle={2011 IEEE International Conference on Industrial Technology}, 
title={Ladder programs validation through model-code traceability}, 
year={2011}, 
volume={}, 
number={}, 
pages={276-280}, 
keywords={conformance testing;human computer interaction;process control;program diagnostics;program testing;program verification;programmable controllers;safety;control system;dependability;formal method;ladder program testing;ladder program validation;model-code traceability;plant safety;process automation;programmable logic controller software;reliability;user-friendly visual conformance validation method;Automata;Control systems;IEC standards;Industries;Instruments;Programming;Safety}, 
doi={10.1109/ICIT.2011.5754386}, 
ISSN={Pending}, 
month={March},}
@INPROCEEDINGS{8090142, 
author={G. Liva and M. T. Khan and M. Pinzger}, 
booktitle={2017 IEEE 17th International Working Conference on Source Code Analysis and Manipulation (SCAM)}, 
title={Extracting Timed Automata from Java Methods}, 
year={2017}, 
volume={}, 
number={}, 
pages={91-100}, 
keywords={Java;automata theory;distributed programming;multi-threading;program debugging;program verification;programming language semantics;public domain software;source code (software);Apache systems;Java code;Java methods;Java programming language;Java statements;automatic timed automata extraction;distributed programs;formal model;multithreaded programs;open source Java projects;programming languages;source code;time behavior;time constraint extraction;time models;time properties;time semantics;Automata;Delays;Java;Reverse engineering;Semantics;Time factors;Program Verification;Time Constraints;Time Semantic;Timed Automata}, 
doi={10.1109/SCAM.2017.9}, 
ISSN={}, 
month={Sept},}
