@BOOK{7006980,
  author={Dominic Furniss and Rebecca Randell and Aisling Ann O'Kane and Svetlena Taneva},
  booktitle={Fieldwork for Healthcare:Guidance for Investigating Human Factors in Computing Systems},
  title={Fieldwork for Healthcare:Guidance for Investigating Human Factors in Computing Systems},
  year={2014},
  pages={146-},
  doi={10.2200/S00606ED1V02Y201410ARH007},
  publisher={Morgan \& Claypool},
  isbn={9781627053228},
  url={http://ieeexplore.ieee.org/xpl/articleDetails.jsp?arnumber=7006980},
  review={cita o nome do software num contexto não relacionado ao software},
  really_refers_to_software={no},
}

@INPROCEEDINGS{7884625,
  author={M. A. Laverdière and E. Merlo},
  booktitle={2017 IEEE 24th International Conference on Software Analysis, Evolution and Reengineering (SANER)},
  title={Computing counter-examples for privilege protection losses using security models},
  year={2017},
  pages={240-249},
  keywords={security of data;PTFA;WordPress;code-derived formal models;pattern traversal flow analysis;privilege protection losses;security models;Access control;Automata;Computational modeling;Maintenance engineering;Model checking;Access Control;Evolution;Model Checking;Software Maintenance;Static Analysis},
  doi={10.1109/SANER.2017.7884625},
  month={Feb},
  review={cita o software na seção de ameaças a validade como um exemplo de implementação de algoritmo de diferenciação baseada em árvores},
  really_refers_to_software={yes},
}

@INPROCEEDINGS{7884619,
  author={R. Stevens and C. De Roover},
  booktitle={2017 IEEE 24th International Conference on Software Analysis, Evolution and Reengineering (SANER)},
  title={Extracting executable transformations from distilled code changes},
  year={2017},
  pages={171-181},
  keywords={software maintenance;software tools;source code (software);MSR;change distilling;distilled code changes;executable transformation extraction;mining software repositories;open-source histories;software evolution;source code evolution;Concrete;Data mining;Database languages;History;Navigation;Software;Transforms},
  doi={10.1109/SANER.2017.7884619},
  month={Feb},
  review={cita o software como trabalho relacionado},
  really_refers_to_software={yes},
}

@INPROCEEDINGS{7832887,
  author={P. Kreutzer and G. Dotzler and M. Ring and B. M. Eskofier and M. Philippsen},
  booktitle={2016 IEEE/ACM 13th Working Conference on Mining Software Repositories (MSR)},
  title={Automatic Clustering of Code Changes},
  year={2016},
  pages={61-72},
  keywords={pattern clustering;software engineering;source code (software);LASE;code changes detection;open source projects;recommendation system;self-tuning clustering algorithms;Algorithm design and analysis;Bars;Clustering algorithms;Computer bugs;Context;Measurement;Software;Clustering;Code Changes;Software Repositories},
  doi={10.1109/MSR.2016.016},
  month={May},
  review={cita o software na seção de limitações como exemplo de implementação de algoritmo de diferenciação em árvore a ser avaliado},
  really_refers_to_software={yes},
}

@INPROCEEDINGS{7057888,
  author={V. Chan and T. H. Wu and G. Pang},
  booktitle={2015 International Conference on Information Networking (ICOIN)},
  title={Design intelligence of web application for Internet direct consumer-to-consumer trading},
  year={2015},
  pages={233-237},
  keywords={Internet;data mining;database management systems;pricing;recommender systems;retail data processing;search problems;Internet direct consumer-to-consumer trading;data mining techniques;database tables;design intelligence;hybrid neighborhood search algorithm;item recommendation;online Web application;product recommendation;sale item pricing;student-trade Web application;university students;Artificial neural networks;Communities;Data mining;Decision support systems;Educational institutions;Internet;Recommender systems;artificial neural network;data mining;decision making;online trading;recommender systems;used goods},
  doi={10.1109/ICOIN.2015.7057888},
  ISSN={1550-445X},
  month={Jan},
  review={cita o nome do software em outro contexto, faz referencia ao serviço web www.gumtree.com},
  really_refers_to_software={no},
}

@INPROCEEDINGS{7372017,
  author={K. Zimmerman and C. R. Rupakheti},
  booktitle={2015 30th IEEE/ACM International Conference on Automated Software Engineering (ASE)},
  title={An Automated Framework for Recommending Program Elements to Novices (N)},
  year={2015},
  pages={283-288},
  keywords={Java;graph theory;pattern matching;programming;recommender systems;source code (software);Eclipse IDE;Java;automated framework;code analysis;graph comparison technique;graph matching;novice programmer;partially-written code;programmer productivity;programming;recommendation system;recommending program element;source code edit;teaching aide;tree edit algorithm;Algorithm design and analysis;Java;Knowledge based systems;Programming;Software engineering;Target recognition;Transforms;Recommendation Framework;pq-Gram Algorithm},
  doi={10.1109/ASE.2015.54},
  month={Nov},
  review={cita o software como trabalho relacionado},
  really_refers_to_software={yes},
}

@INPROCEEDINGS{7530627,
  author={D. Baelden and L. Vanaudenhove and W. Grove and J. Njenga and L. Craffert and K. Stroeken},
  booktitle={2016 IST-Africa Week Conference},
  title={UDUBSit. A location based mobile application for the University of the Western Cape a living lab approach in support of participatory ICT4D},
  year={2016},
  pages={1-10},
  keywords={computer aided instruction;information systems;mobile learning;research initiatives;technology management;ICT4D;UDUBSit research;UWC;University of the Western Cape;information and communication technologies for international development;living lab approach;location based mobile application;technology adaptation;technology adoption;Collaboration;Context;Electronic mail;Interviews;Mobile communication;Technological innovation;Technology transfer;Application;ICT4D;Living Lab;Participation},
  doi={10.1109/ISTAFRICA.2016.7530627},
  month={May},
  review={cita o nome do software em outro contexto, faz referencia ao serviço web www.gumtree.com},
  really_refers_to_software={no},
}

@INPROCEEDINGS{7038806,
  author={V. Chan and T. H. Wu and G. Pang},
  booktitle={The 9th International Conference for Internet Technology and Secured Transactions (ICITST-2014)},
  title={Decision support and data mining for direct consumer-to-consumer trading},
  year={2014},
  pages={205-208},
  keywords={Internet;Web sites;customer services;data mining;decision support systems;purchasing;recommender systems;search problems;Internet;Website user;data mining techniques;database tables;decision support system;direct consumer-to-consumer trading;hybrid neighborhood search algorithm;intelligent system;item recommending intelligence;real-time search;Artificial neural networks;Communities;Data mining;Decision support systems;Educational institutions;Internet;artificial neural network;data mining;decision making;e-Commerce;online trading;used goods},
  doi={10.1109/ICITST.2014.7038806},
  month={Dec},
  review={cita o nome do software em outro contexto, faz referencia ao serviço web www.gumtree.com},
  really_refers_to_software={no},
}

@ARTICLE{7723818,
  author={p. rempel and P. Mader},
  journal={IEEE Transactions on Software Engineering},
  title={Preventing Defects: The Impact of Requirements Traceability Completeness on Software Quality},
  year={2017},
  volume={PP},
  number={99},
  pages={1-1},
  keywords={Context;Software engineering;Software quality;Software systems;Stakeholders;Standards;bugs;change impact analysis;defects;empirical validation;error proneness;regression analysis;requirements satisfaction analysis;requirements traceability;software quality;source code justification analysis;traceability completeness;traceability metrics},
  doi={10.1109/TSE.2016.2622264},
  ISSN={0098-5589},
  month={},
  review={o software é citado numa tabela com características de 24 projetos},
  really_refers_to_software={yes},
}

@INPROCEEDINGS{7962386,
  author={C. Macho and S. McIntosh and M. Pinzger},
  booktitle={2017 IEEE/ACM 14th International Conference on Mining Software Repositories (MSR)},
  title={Extracting Build Changes with BUILDDIFF},
  year={2017},
  pages={368-378},
  keywords={Java;project management;public domain software;software cost estimation;software maintenance;BUILDDIFF;MAVEN build files;build breakage;build change classification;build change extraction;build change frequency;build change time;build configuration evolution;build systems;change types;coarse grained level;effort estimation approaches;error-prone build file identification;open source Java projects;refactoring approaches;software engineering projects;version numbers;Data mining;Java;Maintenance engineering;Predictive models;Software;Software engineering;Taxonomy;Build Systems;Maintenance;Software Quality},
  doi={10.1109/MSR.2017.65},
  month={May},
  review={usa uma versão modificada do software por outros autores para coleta de dados},
  really_refers_to_software={yes},
}

@INPROCEEDINGS{7476644,
  author={X. B. D. Le and D. Lo and C. L. Goues},
  booktitle={2016 IEEE 23rd International Conference on Software Analysis, Evolution, and Reengineering (SANER)},
  title={History Driven Program Repair},
  year={2016},
  volume={1},
  pages={213-224},
  keywords={Java;data mining;mathematical operators;program debugging;program testing;random processes;search problems;software maintenance;APR techniques;Java programs;automated program repair techniques;bug fix pattern mining;buggy program;fix candidates;history driven program repair;multicore cloud environment;mutation operators;random search process;Computer bugs;Data mining;History;Java;Maintenance engineering;Software;Testing;Automated Program Repair;Graph Mining;Mutation Testing},
  doi={10.1109/SANER.2016.76},
  month={March},
  review={usa o software para coleta/análise de dados},
  really_refers_to_software={yes},
}

@INPROCEEDINGS{7372020,
  author={Q. Gao and H. Zhang and J. Wang and Y. Xiong and L. Zhang and H. Mei},
  booktitle={2015 30th IEEE/ACM International Conference on Automated Software Engineering (ASE)},
  title={Fixing Recurring Crash Bugs via Analyzing Q\&A Sites (T)},
  year={2015},
  pages={307-318},
  keywords={program debugging;query processing;source code (software);Q\&A sites;bug-fixing approaches;crash traces;edit scripts;human-written templates;query extraction;real-world crash bugs;recurring crash bugs;software systems;source code;Computer bugs;Context;Registers;Search engines;Software;Web pages},
  doi={10.1109/ASE.2015.81},
  month={Nov},
  review={usa o software para coleta/análise de dados},
  really_refers_to_software={yes},
}

@ARTICLE{7725255,
  author={C. Andrews},
  journal={Engineering Technology},
  title={BBC micro: bit a little bit too late? [IT Education]},
  year={2016},
  volume={11},
  number={4},
  pages={30-33},
  doi={10.1049/et.2016.0400},
  ISSN={1750-9637},
  month={May},
  review={cita o nome do software num contexto não relacionado ao software},
  really_refers_to_software={no},
}

@INPROCEEDINGS{7582801,
  author={G. Dotzler and M. Philippsen},
  booktitle={2016 31st IEEE/ACM International Conference on Automated Software Engineering (ASE)},
  title={Move-optimized source code tree differencing},
  year={2016},
  pages={660-671},
  keywords={optimisation;public domain software;software maintenance;source code (software);ChangeDistiller;Gumtree;JSync;MTD-IFF;RTED;code movements;edit actions;edit script;move-optimized source code tree differencing algorithm;moved code parts;open-source license;open-source software repositories;optimizations;software maintenance;source code changes;source code files;text-based approaches;Complexity theory;History;Open source software;Optimization;Programming;Runtime;Optimizations;Source Code;Tree Differencing},
  month={Sept},
  review={apresenta 5 técnicas de otimização para exibir diferenças entre códigos, estes algoritmos são implementados em ferramentas distintas, GumTree incluido, avalia e compara os resultados, código disponível em https://github.com/FAU-Inf2/treedifferencing},
  really_refers_to_software={yes},
}

@INPROCEEDINGS{5975453,
  author={L. D. Riek and P. Robinson},
  booktitle={2011 IEEE International Conference on Rehabilitation Robotics},
  title={Using robots to help people habituate to visible disabilities},
  year={2011},
  pages={1-8},
  keywords={biomechanics;electromyography;handicapped aids;medical disorders;medical robotics;prosthetics;EMG measurement;android robot degree-of-freedom;facial movement disorder;head movement disorder;human-human social facilitators;interability communication;visible disability;Atmospheric measurements;Interviews;Muscles;Particle measurements;Robot sensing systems;Videos;Adolescent;Adult;Aged;Disabled Persons;Electromyography;Female;Humans;Male;Middle Aged;Robotics;Young Adult},
  doi={10.1109/ICORR.2011.5975453},
  ISSN={1945-7898},
  month={June},
  review={cita o nome do software num contexto não relacionado ao software},
  really_refers_to_software={no},
}

@INPROCEEDINGS{7467370,
  author={V. F. Taylor and R. Spolaor and M. Conti and I. Martinovic},
  booktitle={2016 IEEE European Symposium on Security and Privacy (EuroS P)},
  title={AppScanner: Automatic Fingerprinting of Smartphone Apps from Encrypted Network Traffic},
  year={2016},
  pages={439-454},
  keywords={Android (operating system);mobile computing;smart phones;Android apps;AppScanner;Google Play Store;HTTPS/TLS;app fingerprinting;app fingerprints;automatic fingerprinting;encrypted network traffic;fingerprint generation methodology;marketing agencies;network planning;packet payloads;payload encryption protocols;smartphone apps;supervised learning algorithms;Cryptography;Feature extraction;IP networks;Mobile communication;Payloads;Ports (Computers);Web pages},
  doi={10.1109/EuroSP.2016.40},
  month={March},
  review={cita o nome do software num contexto não relacionado ao software},
  really_refers_to_software={no},
}

@INPROCEEDINGS{7081814,
  author={N. Palix and J. R. Falleri and J. Lawall},
  booktitle={2015 IEEE 22nd International Conference on Software Analysis, Evolution, and Reengineering (SANER)},
  title={Improving pattern tracking with a language-aware tree differencing algorithm},
  year={2015},
  pages={43-52},
  keywords={program debugging;software maintenance;source code (software);trees (mathematics);GNU Diff;GumTree;Herodotos;code differencing algorithm;code fragment tracking;language-aware tree differencing algorithm;longest common subsequence;pattern tracking;software project monitoring;tree-matching;Correlation;Kernel;Linux;Manuals;Vegetation;XML;code metrics;code tracking;tree-matching},
  doi={10.1109/SANER.2015.7081814},
  ISSN={1534-5351},
  month={March},
  review={cita o software como um trabalho anterior, apresenta como integrou o software com o software Herodotos, extente o software para tratar código C},
  really_refers_to_softwar={yes},
}
