@inproceedings{terceiro2012understanding,
  Author:corp = {IEEE},
  booktitle = {Software Maintenance and Reengineering (CSMR), 2012 16th European Conference on},
  author = {Terceiro, Antonio and Mendonça, Manoel and Chavez, Christina and Cruzes, Daniela S.},
  title = {Understanding structural complexity evolution: A quantitative analysis},
  pages = {85-94},
  year = {2012},
}

@inproceedings{alemerien2013experimental,
  Author:corp = {The Steering Committee of The World Congress in Computer Science, Computer Engineering and Applied Computing (WorldComp)},
  booktitle = {Proceedings of the International Conference on Software Engineering Research and Practice (SERP)},
  author = {Alemerien, Khalid and Magel, Kenneth},
  title = {Experimental Evaluation of Static Source Code Analysis tools},
  pages = {1},
  year = {2013},
}

@article{allen2014credit,
  Publisher = {Macmillan Publishers Ltd., London, England},
  author = {Allen, Liz and Brand, Amy and Scott, Jo and Altman, Micah and Hlava, Marjorie and others,},
  title = {Credit where credit is due},
  journal = {Nature},
  volume = {508},
  number = {7496},
  pages = {312-313},
  year = {2014},
}

@incollection{allen2017engineering,
  booktitle = {Dagstuhl Manifestos},
  publisher = {Schloss Dagstuhl-Leibniz-Zentrum fuer Informatik},
  author = {Allen, Alice and Aragon, Cecilia and Becker, Christoph and Carver, Jeffrey and Chis, Andrei and Combemale, Benoit and Croucher, Mike and Crowston, Kevin and Garijo, Daniel and Gehani, Ashish and others,},
  title = {Engineering Academic Software (Dagstuhl Perspectives Workshop 16252)},
  volume = {6},
  number = {1},
  year = {2017},
}

@article{almqvist2006replication,
  author = {Almqvist, Johan Per Fredrik},
  title = {Replication of Controlled Experiments in Empirical Software Engineering - A Survey},
  journal = {Department of Computer Science, Faculty of Science, Lund University},
  year = {2006},
}

@incollection{amann2015software,
  booktitle = {Software Engineering},
  publisher = {Springer},
  author = {Amann, Sven and Beyer, Stefanie and Kevic, Katja and Gall, Harald},
  title = {Software Mining Studies: Goals, Approaches, Artifacts, and Replicability},
  pages = {121-158},
  year = {2015},
}

@article{anderson2008the,
  Publisher = {Citeseer},
  author = {Anderson, Paul},
  title = {The use and limitations of static-analysis tools to improve software quality},
  journal = {CrossTalk: The Journal of Defense Software Engineering},
  volume = {21},
  number = {6},
  pages = {18-21},
  year = {2008},
}

@article{baker2016scientists,
  Url = {http://dx.doi.org/10.1038/nature.2016.20504},
  author = {Baker, Monya},
  title = {Why scientists must share their research code},
  journal = {Nature},
  year = {2016},
}

@article{barba2012reproducibility,
  Month = {12},
  Url = {https://figshare.com/articles/Reproducibility_PI_Manifesto/104539},
  author = {Barba, Lorena A.},
  title = {Reproducibility PI Manifesto},
  year = {2012},
  doi = {10.6084/m9.figshare.104539.v1},
}

@Misc{barnes2013science,
  author = {Barnes, Nick and Jones, D. and Norvig, P. and Neylon, C. and Pollock, R. and Jackson, J. and Stodden, V. and Suber, P.},
  title = {Science code manifesto},
  year = {2013},
  note = {online; acessado em 30 de novembro de 2017},
  url = {http://sciencecodemanifesto.org/},
}

@inproceedings{barr2010shoulders,
  Author:corp = {ACM},
  booktitle = {Proceedings of the FSE/SDP workshop on Future of software engineering research},
  author = {Barr, Earl and Bird, Christian and Hyatt, Eric and Menzies, Tim and Robles, Gregorio},
  title = {On the shoulders of giants},
  pages = {23-28},
  year = {2010},
}

@article{becker2014karlskrona,
  Bibsource = {dblp computer science bibliography, http://dblp.org},
  Biburl = {http://dblp.uni-trier.de/rec/bib/journals/corr/BeckerCDEMPRSSVCKB14},
  Timestamp = {Mon, 23 Feb 2015 17:00:03 +0100},
  Url = {http://arxiv.org/abs/1410.6968},
  author = {Becker, Christoph and Chitchyan, Ruzanna and Duboc, Leticia and Easterbrook, Steve and Mahaux, Martin and Penzenstadler, Birgit and Rodríguez-Navas, Guillermo and Salinesi, Camille and Seyff, Norbert and Venters, Colin C. and Calero, Coral and Koçak, Sedef Akinli and Betz, Stefanie},
  title = {The Karlskrona manifesto for sustainability design},
  journal = {CoRR},
  volume = {abs/1410.6968},
  year = {2014},
}

@inproceedings{beller2016analyzing,
  Author:corp = {IEEE},
  booktitle = {Software Analysis, Evolution, and Reengineering (SANER), 2016 IEEE 23rd International Conference on},
  author = {Beller, Moritz and Bholanath, Radjino and McIntosh, Shane and Zaidman, Andy},
  title = {Analyzing the state of static analysis: A large-scale evaluation in open source software},
  volume = {1},
  pages = {470-481},
  year = {2016},
}

@inproceedings{binkley2007source,
  booktitle = {2007 Future of Software Engineering},
  organization = {IEEE Computer Society},
  author = {Binkley, David},
  title = {Source Code Analysis: A Road Map},
  pages = {104--119},
  year = {2007},
}

@inproceedings{briand1999using,
  Author:corp = {IEEE},
  booktitle = {Software Maintenance, 1999.(ICSM’99) Proceedings. IEEE International Conference on},
  author = {Briand, Lionel C. and Wust, Jurgen and Lounis, Hakim},
  title = {Using coupling measurement for impact analysis in object-oriented systems},
  pages = {475-482},
  year = {1999},
}

@inbook{brooks2008replication,
  address = {London},
  editor = {Shull, Forrest and Singer, Janice and Sjøberg, Dag I.  K.},
  Isbn = {978-1-84800-044-5},
  publisher = {Springer London},
  Url = {https://doi.org/10.1007/978-1-84800-044-5_14},
  author = {Brooks, A. and Roper, M. and Wood, M. and Daly, J. and Miller, J.},
  title = {Replication’s Role in Software Engineering},
  pages = {365-379},
  year = {2008},
  doi = {10.1007/978-1-84800-044-5_14},
}

@inproceedings{chan1997software,
  Author:corp = {IEEE},
  booktitle = {Software Technology and Engineering Practice, 1997. Proceedings., Eighth IEEE International Workshop on [incorporating Computer Aided Software Engineering]},
  author = {Chan, Angus KF and Hung, Sheung-Iun},
  title = {Software configuration management tools},
  pages = {238-250},
  year = {1997},
}

@inproceedings{chaturvedi2013tools,
  Author:corp = {IEEE},
  booktitle = {Computational Science and Its Applications (ICCSA), 2013 13th International Conference on},
  author = {Chaturvedi, Krishna Kumar and Sing, V. B. and Singh, Prashast},
  title = {Tools in mining software repositories},
  pages = {89-98},
  year = {2013},
}

@book{chess2007secure,
  publisher = {Pearson Education},
  author = {Chess, Brian and West, Jacob},
  title = {Secure programming with static analysis},
  year = {2007},
}

@article{chidamber1994metrics,
  Publisher = {IEEE},
  author = {Chidamber, Shyam R and Kemerer, Chris F},
  title = {A Metrics suite for Object Oriented design},
  journal = {Software Engineering, IEEE Transactions on},
  volume = {20},
  number = {6},
  pages = {476--493},
  year = {1994},
}

@article{council2007cyberinfrastructure,
  author = {Council, Cyberinfrastructure},
  title = {Cyberinfrastructure vision for 21st century discovery},
  journal = {National Science Foundation, USA},
  volume = {64},
  pages = {1-66},
  year = {2007},
}

@article{cruz2009code,
  author = {Cruz, Daniela da and Henriques, Pedro Rangel and Pinto, Jorge Sousa},
  title = {Code Analysis: Past and Present},
  year = {2009},
}

@inproceedings{da2011replication,
  Author:corp = {IEEE},
  booktitle = {Replication in Empirical Software Engineering Research (RESER), 2011 Second International Workshop on},
  author = {da Silva, Fabio QB and Suassuna, Marcos and Lopes, Rodrigo F. and Gouveia, Tatiana B. and Franca, A. Cesar A. and de Oliveira, Joao Paulo N. and de Oliveira, Leonardo FM and Santos, Andre LM},
  title = {Replication of empirical studies in software engineering: Preliminary findings from a systematic mapping study},
  pages = {61-70},
  year = {2011},
}

@article{dagpinar2003predicting,
  author = {Melis Dagpinar and Jens H. Jahnke},
  title = {Predicting maintainability with object-oriented metrics - an empirical comparison},
  journal = {10th WCRE Proceedings},
  year = {2003},
}

@article{darcy2005structural,
  Publisher = {IEEE},
  author = {Darcy, David P. and Kemerer, Chris F. and Slaughter, Sandra A. and Tomayko, James E.},
  title = {The structural complexity of software an experimental test},
  journal = {Software Engineering, IEEE Transactions on},
  volume = {31},
  number = {11},
  pages = {982-995},
  year = {2005},
}

@inproceedings{dhungana2010software,
  Author:corp = {ACM},
  booktitle = {Proceedings of the Fourth European Conference on Software Architecture: Companion Volume},
  author = {Dhungana, Deepak and Groher, Iris and Schludermann, Elisabeth and Biffl, Stefan},
  title = {Software ecosystems vs. natural ecosystems: learning from the ingenious mind of nature},
  pages = {96-102},
  year = {2010},
}

@article{drummond2009replicability,
  author = {Drummond, Chris},
  title = {Replicability is not reproducibility: nor is it good science},
  year = {2009},
}

@article{feitelson2015repeatability,
  Publisher = {ACM},
  author = {Feitelson, Dror G},
  title = {From Repeatability to Reproducibility and Corroboration},
  journal = {ACM SIGOPS Operating Systems Review},
  volume = {49},
  number = {1},
  pages = {3--11},
  year = {2015},
}

@book{fenton2014software,
  publisher = {CRC Press},
  author = {Fenton, Norman and Bieman, James},
  title = {Software metrics: a rigorous and practical approach},
  year = {2014},
}

@article{german2003software,
  author = {German, Andy},
  title = {Software static code analysis lessons learned},
  journal = {Crosstalk},
  volume = {16},
  number = {11},
  pages = {19-22},
  year = {2003},
}

@misc{github2016reproducibility,
  howpublished = {Internet},
  month = {05},
  note = {[Online; acessado em 06 de Maio 2016]},
  Url = {http://ropensci.github.io/reproducibility-guide/},
  author = {rOpenSci Hackathon},
  title = {Reproducibility Guide},
  year = {2016},
}

@article{glass2002research,
  Publisher = {Elsevier},
  author = {Glass, Robert L. and Vessey, Iris and Ramesh, Venkataraman},
  title = {Research in software engineering: an analysis of the literature},
  journal = {Information and Software technology},
  volume = {44},
  number = {8},
  pages = {491--506},
  year = {2002},
}

@article{gonzalez2012reproducibility,
  Publisher = {Springer},
  author = {González-Barahona, Jesús M. and Robles, Gregorio},
  title = {On the reproducibility of empirical software engineering studies based on data retrieved from development repositories},
  journal = {Empirical Software Engineering},
  volume = {17},
  number = {1-2},
  pages = {75-89},
  year = {2012},
}

@incollection{gosain2015static,
  booktitle = {Intelligent Computing and Applications},
  publisher = {Springer},
  author = {Gosain, Anjana and Sharma, Ganga},
  title = {Static Analysis: A Survey of Techniques and Tools},
  pages = {581-591},
  year = {2015},
}

@article{gouveia2013altmetria,
  author = {Gouveia, Fábio Castro and others},
  title = {Altmetria: métricas de produção científica para além das citações},
  journal = {Liinc em Revista},
  volume = {9},
  number = {1},
  pages = {214-227},
  year = {2013},
}

@article{grand2010muddying,
  author = {Grand, Ann and Bultitude, Karen and Wilkinson, Clare and Winfield, Alan FT},
  title = {Muddying the waters or clearing the stream? Open Science as a communication medium},
  year = {2010},
}

@article{grand2010open,
  author = {Grand, Ann and Wilkinson, Clare and Bultitude, Karen and Winfield, Alan FT},
  title = {On open science and public engagement with engineering},
  journal = { European Association for Studies in Science and Technology},
  pages = {1-4},
  year = {2010},
}

@inproceedings{hannay2009scientists,
  Author:corp = {Ieee},
  booktitle = {Software Engineering for Computational Science and Engineering, 2009. SECSE’09. ICSE Workshop on},
  author = {Hannay, Jo Erskine and MacLeod, Carolyn and Singer, Janice and Langtangen, Hans Petter and Pfahl, Dietmar and Wilson, Greg},
  title = {How do scientists develop and use scientific software?},
  pages = {1-8},
  year = {2009},
}

@inproceedings{harman2010why,
  Author:corp = {IEEE},
  booktitle = {Source Code Analysis and Manipulation (SCAM), 2010 10th IEEE Working Conference on},
  author = {Harman, Mark},
  title = {Why source code analysis and manipulation will always be important},
  pages = {7-19},
  year = {2010},
}

@article{harrison1998evaluation,
  Publisher = {IEEE},
  author = {Harrison, Rachel and Counsell, Steve J. and Nithi, Reuben V.},
  title = {An evaluation of the MOOD set of object-oriented software metrics},
  journal = {IEEE Transactions on Software Engineering},
  volume = {24},
  number = {6},
  pages = {491-496},
  year = {1998},
}

@article{hashim1996software,
  Publisher = {Faculty of Computer Science \& Information Technology},
  author = {Hashim, Khairuddin and Key, Elizabeth},
  title = {A software maintainability attributes model},
  journal = {Malaysian Journal of Computer Science},
  volume = {9},
  number = {2},
  pages = {92-97},
  year = {1996},
}

@article{hazzan2010qualitative,
  author = {Hazzan, Orit and Column, Orit Hazzan’s},
  title = {Qualitative Research in Software Engineering},
  journal = {Department of Education in Technology and Science Technion},
  year = {2010},
}

@misc{hettrick2014uk,
  month = {dec},
  Url = {https://doi.org/10.5281/zenodo.14809},
  author = {Hettrick, Simon and Antonioletti, Mario and Carr, Les and Chue Hong, Neil and Crouch, Stephen and De Roure, David and Emsley, Iain and Goble, Carole and Hay, Alexander and Inupakutika, Devasena and Jackson, Mike and Nenadic, Aleksandra and Parkinson, Tim and Parsons, Mark I. and Pawlik, Aleksandra and Peru, Giacomo and Proeme, Arno and Robinson, John and Sufi, Shoaib},
  title = {UK Research Software Survey 2014},
  year = {2014},
  doi = {10.5281/zenodo.14809},
}

@article{hinsen2014activepapers,
  Publisher = {Faculty of 1000 Ltd},
  author = {Hinsen, Konrad},
  title = {ActivePapers: a platform for publishing and archiving computer-aided research},
  journal = {F1000Research},
  volume = {3},
  year = {2014},
}

@misc{reuters2017history,
  howpublished = {Página web},
  note = {[Online; acessado 07 Outubro de 2017]},
  Url = {https://clarivate.com/essays/history-citation-indexing/},
  author = {Thompson Reuters},
  title = {History of Citation Indexing},
  year = {2017},
}

@book{hitz1995measuring,
  booktitle = {Symposium on Applied Corporate Computing},
  institution = {University of Vienna},
  url = {http://www.isys.uni-klu.ac.at/PDF/1995-0043-MHBM.pdf},
  author = {Hitz, Martin and Montazeri, Behzad},
  title = {Measuring Coupling and Cohesion In Object-Oriented Systems},
  year = {1995},
  tags = "Coesão, Acoplamento, Métricas, LCOM, Inglês"
}

@phdthesis{hofer2010evaluating,
  school = {Citeseer},
  author = {Hofer, Thomas},
  title = {Evaluating Static Source Code Analysis Tools},
  year = {2010},
}

@misc{holcombe2011openaccess,
  note = {[Online; Acessado em 02 de Junho de 2017]},
  Url = {http://www.openaccesspledge.com},
  author = {Alex Holcombe},
  title = {Open Access Pledge – Making and tracking open access pledges},
  year = {2011},
}

@inproceedings{howison2011scientific,
  Author:corp = {ACM},
  booktitle = {Proceedings of the ACM 2011 conference on Computer supported cooperative work},
  author = {Howison, James and Herbsleb, James D.},
  title = {Scientific software production: incentives and collaboration},
  pages = {513-522},
  year = {2011},
}

@inbook{howison2013incentives,
  Isbn = {9781450313315},
  Keywords = {Collaboration, Incentive systems, Science policy, Software development},
  author = {Howison, James and Herbsleb, James D.},
  title = {Incentives and integration in scientific software production},
  pages = {459-470},
  year = {2013},
  doi = {10.1145/2441776.2441828},
}

@article{howison2015understanding,
  Eprint = {/oup/backfile/content_public/journal/rev/24/4/10.1093/reseval/rvv014/3/rvv014.pdf},
  Url = { + http://dx.doi.org/10.1093/reseval/rvv014},
  author = {Howison, James and Deelman, Ewa and McLennan, Michael J. and Ferreira da Silva, Rafael and Herbsleb, James D.},
  title = {Understanding the scientific software ecosystem and its impact: Current and future measures},
  journal = {Research Evaluation},
  volume = {24},
  number = {4},
  pages = {454-470},
  year = {2015},
  doi = {10.1093/reseval/rvv014},
}

@article{howison2016software,
  Issn = {2330-1643},
  Keywords = {biology, journals, bibliographic citations},
  Url = {http://dx.doi.org/10.1002/asi.23538},
  author = {Howison, James and Bullard, Julia},
  title = {Software in the scientific literature: Problems with seeing, finding, and using software mentioned in the biology literature},
  journal = {Journal of the Association for Information Science and Technology},
  volume = {67},
  number = {9},
  pages = {2137-2155},
  year = {2016},
  doi = {10.1002/asi.23538},
}

@misc{ilyas2016static,
  author = {Ilyas, Bilal and Elkhalifa, Islam},
  title = {Static Code Analysis: A Systematic Literature Review and an Industrial Survey},
  year = {2016},
}

@inproceedings{johns2011scanstud,
  Author:corp = {IEEE},
  booktitle = {Software Testing, Verification and Validation Workshops (ICSTW), 2011 IEEE Fourth International Conference on},
  author = {Johns, Martin and Jodeit, Moritz},
  title = {Scanstud: a methodology for systematic, fine-grained evaluation of static analysis tools},
  pages = {523-530},
  year = {2011},
}

@inproceedings{johnson1978lint,
  booktitle = {COMP. SCI. TECH. REP},
  author = {Johnson, S. C.},
  title = {Lint, a C Program Checker},
  pages = {78-1273},
  year = {1978},
}

@inproceedings{jovic2014overview,
  Author:corp = {IEEE},
  booktitle = {Information and Communication Technology, Electronics and Microelectronics (MIPRO), 2014 37th International Convention on},
  author = {Jovic, Alan and Brkic, Karla and Bogunovic, Nikola},
  title = {An overview of free software tools for general data mining},
  pages = {1112-1117},
  year = {2014},
}

@article{katz2014transitive,
  Publisher = {Ubiquity Press},
  author = {Katz, Daniel},
  title = {Transitive credit as a means to address social and technological concerns stemming from citation and attribution of digital products},
  journal = {Journal of Open Research Software},
  volume = {2},
  number = {1},
  year = {2014},
}

@article{kauppinen2011linked,
  Bibsource = {DBLP, http://dblp.uni-trier.de},
  booktitle = {ICCS},
  Ee = {http://dx.doi.org/10.1016/j.procs.2011.04.076},
  Publisher = {Elsevier},
  Url = {http://dblp.org/db/journals/procedia/procedia4.html#KauppinenE11},
  author = {Kauppinen, Tomi and de Espindola, Giovana Mira},
  title = {Linked Open Science-Communicating, Sharing and Evaluating Data, Methods and Results for Executable Papers},
  journal = {Procedia Computer Science},
  volume = {4},
  pages = {726-731},
  year = {2011},
  doi = {10.1016/j.procs.2011.04.076},
}

@article{khatoon2013comparison,
  Publisher = {IOS Press},
  author = {Khatoon, Shaheen and Li, Guohui and Mahmood, Azhar},
  title = {Comparison and evaluation of source code mining tools and techniques: A qualitative approach},
  journal = {Intelligent Data Analysis},
  volume = {17},
  number = {3},
  pages = {459-484},
  year = {2013},
}

@article{king1995replication,
  Publisher = {Cambridge University Press},
  author = {King, Gary},
  title = {Replication, replication},
  journal = {PS: Political Science \& Politics},
  volume = {28},
  number = {3},
  pages = {444-452},
  year = {1995},
}

@article{kirkov2010source,
  author = {Kirkov, Radoslav and Agre, Gennady},
  title = {Source code analysis - An overview},
  journal = {Cybernetics and Information Technologies},
  volume = {10},
  number = {2},
  pages = {60-77},
  year = {2010},
}

@book{kitchenham2015evidence,
  publisher = {CRC Press},
  author = {Kitchenham, Barbara Ann and Budgen, David and Brereton, Pearl},
  title = {Evidence-Based Software engineering and systematic reviews},
  volume = {4},
  year = {2015},
}

@article{knutson2010report,
  Publisher = {ACM},
  author = {Knutson, Charles D. and Krein, Jonathan L. and Prechelt, Lutz and Juristo, Natalia},
  title = {Report from the 1st international workshop on replication in empirical software engineering research (RESER 2010)},
  journal = {ACM SIGSOFT Software Engineering Notes},
  volume = {35},
  number = {5},
  pages = {42-44},
  year = {2010},
}

@inproceedings{kon2011free,
  Bibsource = {DBLP, http://dblp.uni-trier.de},
  booktitle = {SBES},
  Ee = {http://doi.ieeecomputersociety.org/10.1109/SBES.2011.19},
  Url = {http://dblp.org/db/conf/sbes/sbes2011.html\#KonMLTCM11},
  author = {Kon, Fabio and Meirelles, Paulo and Lago, Nelson and Terceiro, Antonio Soares de Azevedo and Chavez, Christina and MendonĂ§a, Manoel G.},
  title = {Free and Open Source Software Development and Research: Opportunities for Software Engineering},
  pages = {82-91},
  year = {2011},
  doi = {10.1109/SBES.2011.19},
}

@article{krishnamurthi2015thereal,
  Publisher = {ACM},
  author = {Krishnamurthi, Shriram and Vitek, Jan},
  title = {The real software crisis: Repeatability as a core value},
  journal = {Communications of the ACM},
  volume = {58},
  number = {3},
  pages = {34--36},
  year = {2015},
  doi = {10.1145/2658987},
}

@inproceedings{kumar2012survey,
  Author:corp = {IEEE},
  booktitle = {Computing Sciences (ICCS), 2012 International Conference on},
  author = {Kumar, Balraj},
  title = {A survey of key factors affecting software maintainability},
  pages = {261-266},
  year = {2012},
}

@inproceedings{li2010comparative,
  Author:corp = {IEEE},
  booktitle = {Information Theory and Information Security (ICITIS), 2010 IEEE International Conference on},
  author = {Li, Peng and Cui, Baojiang},
  title = {A comparative study on software vulnerability static analysis techniques and tools},
  pages = {521-524},
  year = {2010},
}

@inproceedings{lincke2008comparing,
  Author:corp = {ACM},
  booktitle = {Proceedings of the 2008 international symposium on Software testing and analysis},
  author = {Lincke, Rüdiger and Lundberg, Jonas and Löwe, Welf},
  title = {Comparing software metrics tools},
  pages = {131-142},
  year = {2008},
}

@article{list2017ten,
  Month = {01},
  Publisher = {Public Library of Science},
  Url = {https://doi.org/10.1371/journal.pcbi.1005265},
  author = {List, Markus AND Ebert, Peter AND Albrecht, Felipe},
  title = {Ten Simple Rules for Developing Usable Software in Computational Biology},
  journal = {PLOS Computational Biology},
  volume = {13},
  number = {1},
  pages = {1-5},
  year = {2017},
  doi = {10.1371/journal.pcbi.1005265},
}

@article{maccormack2006exploring,
  Publisher = {INFORMS},
  author = {MacCormack, Alan and Rusnak, John and Baldwin, Carliss Y.},
  title = {Exploring the structure of complex software designs: An empirical study of open source and proprietary code},
  journal = {Management Science},
  volume = {52},
  number = {7},
  pages = {1015-1030},
  year = {2006},
}

@article{madeyski2017would,
  Publisher = {IOS Press},
  author = {Madeyski, Lech and Kitchenham, Barbara},
  title = {Would wider adoption of reproducible research be beneficial for empirical software engineering research?},
  journal = {Journal of Intelligent \& Fuzzy Systems},
  volume = {32},
  number = {2},
  pages = {1509-1521},
  year = {2017},
}

@article{manikas2013software,
  Publisher = {Elsevier},
  author = {Manikas, Konstantinos and Hansen, Klaus Marius},
  title = {Software ecosystems–A systematic literature review},
  journal = {Journal of Systems and Software},
  volume = {86},
  number = {5},
  pages = {1294-1306},
  year = {2013},
}

@inproceedings{marshall2013tools,
  Author:corp = {IEEE},
  booktitle = {Empirical Software Engineering and Measurement, 2013 ACM/IEEE International Symposium on},
  author = {Marshall, Christopher and Brereton, Pearl},
  title = {Tools to support systematic literature reviews in software engineering: A mapping study},
  pages = {296-299},
  year = {2013},
}

@article{mccabe1976complexity,
  Publisher = {IEEE},
  author = {McCabe, Thomas J.},
  title = {A complexity measure},
  journal = {Software Engineering, IEEE Transactions on},
  number = {4},
  pages = {308-320},
  year = {1976},
}

@article{mccormick2014itk,
  pmid = {24600387},
  author = {McCormick, Matthew and Liu, Xiaoxiao and Jomier, Julien and Marion, Charles and Ibanez, Luis},
  title = {ITK: enabling reproducible research and open science.},
  journal = {Front Neuroinform},
  volume = {8},
  pages = {13},
  year = {2014},
  doi = {10.3389/fninf.2014.00013},
}

@article{mcgrath1981dilemmatics,
  Publisher = {Sage Publications Sage CA: Thousand Oaks, CA},
  author = {McGrath, Joseph E.},
  title = {Dilemmatics: The study of research choices and dilemmas},
  journal = {American Behavioral Scientist},
  volume = {25},
  number = {2},
  pages = {179-210},
  year = {1981},
}

@article{merali2010computational,
  Citeulike-article-id = {8011567},
  Citeulike-linkout-0 = {http://dx.doi.org/10.1038/467775a},
  Citeulike-linkout-1 = {http://dx.doi.org/10.1038/467775a},
  Citeulike-linkout-2 = {http://view.ncbi.nlm.nih.gov/pubmed/20944712},
  Citeulike-linkout-3 = {http://www.hubmed.org/display.cgi?uids=20944712},
  Day = {14},
  Issn = {0028-0836},
  Keywords = {aaron-darling, bioinformatics, david-gavaghan, david-rousseau, diane-kelly, geoffrey-chang, greg-wilson, james-hack, zeeya-meralia},
  Month = {oct},
  Pmid = {20944712},
  Posted-at = {2010-10-13 18:55:57},
  Priority = {2},
  Publisher = {Nature Publishing Group},
  Url = {http://dx.doi.org/10.1038/467775a},
  author = {Merali, Zeeya},
  title = {Computational science: Error, why scientific programming does not compute},
  journal = {Nature},
  volume = {467},
  number = {7317},
  pages = {775-777},
  year = {2010},
  doi = {10.1038/467775a},
}

@book{mitchell2009complexity,
  publisher = {Oxford University Press},
  author = {Mitchell, Melanie},
  title = {Complexity: A guided tour},
  year = {2009},
}

@article{mohamed1994software,
  author = {Mohamed Medhat El Wakil},
  title = {Software Metrics - A Taxonomy},
  year = {1994},
}

@article{momcheva2015software,
  author = {Momcheva, Ivelina and Tollerud, Erik},
  title = {Software use in astronomy: an informal survey},
  journal = {arXiv preprint arXiv:1507.03989},
  year = {2015},
}

@article{nancy2015fostering,
  author = {Nancy Pontika and Petr Knoth and Matteo Cancellieri and Samuel Pearce},
  title = {Fostering Open Science to Research using a Taxonomy and an eLearning Portal},
  year = {2015},
}

@techreport{nesta2010open,
  Url = {http://www.rin.ac.uk/our-work/data-management-and-curation/open-science-case-studies},
  author = {RIN/NESTA},
  title = {Open to All? Case studies of openness in research},
  year = {2010},
}

@book{nielson2015principles,
  publisher = {Springer},
  author = {Nielson, Flemming and Nielson, Hanne R. and Hankin, Chris},
  title = {Principles of program analysis},
  year = {2015},
}

@article{niemeyer2017open,
  Publisher = {engrXiv},
  author = {Niemeyer, Kyle},
  title = {Open science and the future university researcher},
  year = {2017},
}

@inproceedings{novak2010taxonomy,
  booktitle = {MIPRO, 2010 Proceedings of the 33rd International Convention},
  organization = {IEEE},
  author = {Novak, Jernej and Krajnc, Andrej and others},
  title = {Taxonomy of static code analysis tools},
  pages = {418--422},
  year = {2010},
}

@misc{ontosoft2016what,
  note = {[Online; Acessado em 02 de Junho de 2017]},
  Url = {http://www.scientificpaperofthefuture.org/gpf/what-is-a-gpf},
  author = {OntoSoft},
  title = {What is a Geoscience Paper of the Future – The Geoscience Papers of the Future Initiative},
  year = {2016},
}

@article{peng2011reproducible,
  Publisher = {NIH Public Access},
  author = {Peng, Roger D},
  title = {Reproducible Research in Computational Science},
  journal = {Science (New York, Ny)},
  volume = {334},
  number = {6060},
  pages = {1226},
  year = {2011},
  doi = {10.1126/science.1213847.},
}

@inproceedings{pereira2015systematic,
  Author:corp = {Springer},
  booktitle = {International Conference on Software Reuse},
  author = {Pereira, Juliana Alves and Constantino, Kattiana and Figueiredo, Eduardo},
  title = {A systematic literature review of software product line management tools},
  pages = {73-89},
  year = {2015},
}

@Book{popper2004logica,
  Publisher = {Editora Cultrix},
  author = {Popper, Karl R.},
  title = {A lógica da pesquisa científica},
  year = {2004},
}

@article{portillo2012tools,
  Bibsource = {DBLP, http://dblp.uni-trier.de},
  Ee = {http://dx.doi.org/10.1016/j.infsof.2012.02.006},
  Url = {http://dblp.org/db/journals/infsof/infsof54.html\#Portillo-RodriguezVPB12},
  author = {Portillo-Rodríguez, Javier and Vizcaíno, Aurora and Piattini, Mario and Beecham, Sarah},
  title = {Tools used in Global Software Engineering: A systematic mapping review},
  pages = {663-685},
  year = {2012},
}

@article{prlic2012ten,
  Adsbibcode = {2012PLSCB...8E2802P},
  Adsurl = {http://adsabs.harvard.edu/abs/2012PLSCB...8E2802P},
  Month = {dec},
  author = {Prlić, Andreas and Procter, James B.},
  title = {Ten Simple Rules for the Open Development of Scientific Software},
  journal = {PLoS Computational Biology, vol. 8, issue 12, p. e1002802},
  volume = {8},
  pages = {2802},
  year = {2012},
  doi = {10.1371/journal.pcbi.1002802},
}

@inproceedings{robles2010replicating,
  Author:corp = {IEEE},
  booktitle = {Mining Software Repositories (MSR), 2010 7th IEEE Working Conference on},
  author = {Robles, Gregorio},
  title = {Replicating MSR: A study of the potential replicability of papers published in the Mining Software Repositories proceedings},
  pages = {171-180},
  year = {2010},
}

@book{runkel1972research,
  Isbn = {9780030786952},
  Lccn = {76171521},
  publisher = {Holt, Rinehart and Winston},
  Url = {https://books.google.com.br/books?id=3FdqAAAAMAAJ},
  author = {Runkel, P. J. and McGrath, J. E.},
  title = {Research on human behavior: a systematic guide to method},
  year = {1972},
}

@article{ryder1974pfort,
  Publisher = {Wiley Online Library},
  author = {Ryder, Barbara G.},
  title = {The PFORT verifier},
  journal = {Software: Practice and Experience},
  volume = {4},
  number = {4},
  pages = {359-377},
  year = {1974},
}

@article{sant2008modularity,
  author = {Sant’Anna, Cláudio Nogueira},
  title = {On the modularity of aspect-oriented design: A concern-driven measurement approach},
  journal = {Pontifica Universidade Catolica do Rio de Janeiro. Computer Science Department., Rio de Janeiro, PhD Thesis},
  year = {2008},
}

@article{seaman1999qualitative,
  Publisher = {IEEE},
  Section = {Chapter 2},
  author = {Seaman, Carolyn B.},
  title = {Qualitative methods in empirical studies of software engineering},
  journal = {IEEE Transactions on software engineering},
  volume = {25},
  number = {4},
  pages = {557-572},
  year = {1999},
}

@article{segal2008developing,
  Address = {Los Alamitos, CA, USA},
  Issn = {0740-7459},
  Publisher = {IEEE Computer Society},
  author = {Segal, Judith and Morris, Chris},
  title = {Developing Scientific Software},
  journal = {IEEE Software},
  volume = {25},
  pages = {18-20},
  year = {2008},
  doi = {doi.ieeecomputersociety.org/10.1109/MS.2008.85},
}

@inproceedings{silva2012concernbased,
  Author:corp = {IEEE},
  booktitle = {Program Comprehension (ICPC), 2012 IEEE 20th International Conference on},
  author = {Silva, Bruno and Sant’Anna, Claudio and Chavez, Christina and Garcia, Alessandro},
  title = {Concern-based cohesion: Unveiling a hidden dimension of cohesion measurement},
  pages = {103-112},
  year = {2012},
}

@book{simon1996sciences,
  publisher = {MIT press},
  author = {Simon, Herbert A.},
  title = {The sciences of the artificial},
  year = {1996},
}

@article{singer2008software,
  Publisher = {Springer},
  author = {Singer, Janice and Sim, Susan E. and Lethbridge, Timothy C.},
  title = {Software engineering data collection for field studies},
  journal = {Guide to Advanced Empirical Software Engineering},
  pages = {9-34},
  year = {2008},
}

@article{sjoberg2005survey,
  Publisher = {IEEE},
  author = {Sjøberg, Dag IK and Hannay, Jo Erskine and Hansen, Ove and Kampenes, Vigdis By and Karahasanovic, Amela and Liborg, N. K. and Rekdal, Anette C.},
  title = {A survey of controlled experiments in software engineering},
  journal = {IEEE transactions on software engineering},
  volume = {31},
  number = {9},
  pages = {733-753},
  year = {2005},
}

@article{smith2016software,
  Issn = {2376-5992},
  Keywords = {Software citation, Software credit, Attribution},
  Month = {sep},
  Url = {https://doi.org/10.7717/peerj-cs.86},
  author = {Smith, Arfon M. and Katz, Daniel S. and Niemeyer, Kyle E.},
  title = {Software citation principles},
  journal = {PeerJ Computer Science},
  volume = {2},
  pages = {-86},
  year = {2016},
  doi = {10.7717/peerj-cs.86},
}

@article{smith2017journal,
  Adsnote = {Provided by the SAO/NASA Astrophysics Data System},
  Adsurl = {http://adsabs.harvard.edu/abs/2017arXiv170702264S},
  Archiveprefix = {arXiv},
  Eprint = {1707.02264},
  Keywords = {Computer Science - Digital Libraries, Computer Science - Software Engineering},
  Month = {jul},
  Primaryclass = {cs.DL},
  author = {Smith, A. M. and E Niemeyer, K. and Katz, D. S. and Barba, L. A. and Githinji, G. and Gymrek, M. and Huff, K. D. and Madan, C. R. and Cabunoc Mayes, A. and Moerman, K. M. and Prins, P. and Ram, K. and Rokem, A. and Teal, T. K. and Valls Guimera, R. and Vanderplas, J. T.},
  title = {Journal of Open Source Software (JOSS): design and first-year review},
  journal = {ArXiv e-prints},
  year = {2017},
}

@article{stanier2013intermediate,
  Publisher = {ACM},
  author = {Stanier, James and Watson, Des},
  title = {Intermediate representations in imperative compilers: A survey},
  journal = {ACM Computing Surveys (CSUR)},
  volume = {45},
  number = {3},
  pages = {26},
  year = {2013},
}

@article{stewart2010cyberinfrastructure,
  Publisher = {Indiana University},
  author = {Stewart, Craig A. and Almes, Guy T. and Wheeler, Bradley C.},
  title = {Cyberinfrastructure Software Sustainability and Reusability: Report from an NSF-funded workshop},
  year = {2010},
}

@article{stodden2009enabling,
  author = {Stodden, Victoria},
  title = {Enabling reproducible research: Open licensing for scientific innovation},
  journal = {International Journal of Communications Law and Policy, Forthcoming},
  volume = {13},
  pages = {1-25},
  year = {2009},
}

@article{stodden2010reproducible,
  author = {Stodden, Victoria C},
  title = {Reproducible Research - Addressing the Need for Data and Code Sharing in Computational Science},
  journal = {Computing in Science \& Engineering},
  volume = {12},
  number = {5},
  pages = {8 - 13},
  year = {2010},
  doi = {10.1109/MCSE.2010.113},
}

@article{stodden2012reproducible,
  Publisher = {IEEE},
  author = {Stodden, Victoria},
  title = {Reproducible Research: Tools and Strategies for Scientific Computing},
  journal = {Computing in Science \& Engineering},
  number = {4},
  pages = {11--12},
  year = {2012},
}

@article{stodden2015researchcompendia,
  Publisher = {AIP Publishing},
  author = {Stodden, Victoria and Miguez, Sheila and Seiler, Jennifer},
  title = {Researchcompendia.org: Cyberinfrastructure for reproducibility and collaboration in computational science},
  journal = {Computing in Science \& Engineering},
  volume = {17},
  number = {1},
  pages = {12--19},
  year = {2015},
}

@inproceedings{stol2015holistic,
  booktitle = {3rd International Workshop on Conducting Empirical Studies in Industry},
  author = {Stol, Klaas-Jan and Fitzgerald, Brian},
  title = {A Holistic Overview of Software Engineering Research Strategies},
  pages = {8},
  year = {2015},
}

@article{tang2016worthiness,
  Url = {http://shidler.hawaii.edu/sites/shidler.hawaii.edu/files/users/kazman/se_research_worthiness.pdf},
  author = {Antony Tang; Rick Kazman},
  title = {On the Worthiness of Software Engineering Research},
  year = {2016},
}

@article{tegarden1995software,
  Publisher = {Elsevier},
  author = {Tegarden, David P. and Sheetz, Steven D. and Monarchi, David E.},
  title = {A software complexity model of object-oriented systems},
  journal = {Decision Support Systems},
  volume = {13},
  number = {3},
  pages = {241-262},
  year = {1995},
}

@inproceedings{terceiro2009structural,
  booktitle = {QACOS-OSSPL 2009: Proceedings of the Joint Workshop on Quality and Architectural Concerns in Open Source Software (QACOS) and Open Source Software and Product Lines (OSSPL)},
  Institution = {Computer Science Department – Universidade Federal da Bahia},
  author = {Terceiro, Antonio and Chavez, Christina},
  title = {Structural Complexity Evolution in Free Software Projects: A Case Study},
  year = {2009},
  tags = "Inglês"
}

@inproceedings{terceiro2010empirical,
  booktitle = {Software Engineering (SBES), 2010 Brazilian Symposium on},
  organization = {IEEE},
  author = {Terceiro, Antonio and Rios, Luiz Romario and Chavez, Christina},
  title = {An Empirical Study on the Structural Complexity introduced by Core and Peripheral Developers in Free Software projects},
  pages = {21--29},
  year = {2010},
  tags = "Métricas, Inglês, UFBA, USP"
}

@article{terceiro2010analizo,
  author = {Terceiro, Antonio and Joenio Costa and Joao Miranda and Paulo Meirelles and Luiz Romario Rios and Lucianna Almeida and Christina Chavez and Fabio Kon},
  title = {Analizo: an Extensible Multi-Language Source Code Analysis and Visualization Toolkit},
  pages = {6},
  year = {2010},
}

@phdthesis{terceiro2012caracterizacao,
  address = {Salvador},
  school = {Universidade Federal da Bahia},
  author = {Antonio Soares de Azevedo Terceiro},
  title = {Caracterização da Complexidade Estrutural em Sistemas de Software},
  year = {2012},
}

@inproceedings{toman2017taming,
  Author:corp = {Schloss Dagstuhl-Leibniz-Zentrum fuer Informatik},
  booktitle = {LIPIcs-Leibniz International Proceedings in Informatics},
  author = {Toman, John and Grossman, Dan},
  title = {Taming the Static Analysis Beast},
  volume = {71},
  year = {2017},
}

@misc{ukrse2013what,
  note = {[Online; acessado em 02 de Junho de 2017]},
  Url = {https://ukrse.github.io/who.html},
  author = {Research Software Engineers Association (UKRSE)},
  title = {What is a Research Software Engineer?},
  year = {2013},
}

@article{vardi2010science,
  Acmid = {1810892},
  Address = {New York, NY, USA},
  Issn = {0001-0782},
  Issue_date = {September 2010},
  Month = {sep},
  Numpages = {1},
  Publisher = {ACM},
  Url = {http://doi.acm.org/10.1145/1810891.1810892},
  author = {Vardi, Moshe Y.},
  title = {Science Has Only Two Legs},
  journal = {Commun. ACM},
  volume = {53},
  number = {9},
  pages = {5-5},
  year = {2010},
  doi = {10.1145/1810891.1810892},
}

@inproceedings{venters2014software,
  Author:corp = {CEUR},
  booktitle = {CEUR Workshop Proceedings},
  author = {Venters, Colin C. and Jay, Caroline and Lau, L. M. S. and Griffiths, Michael K. and Holmes, Violeta and Ward, Rupert R. and Austin, Jim and Dibsdale, Charlie E. and Xu, Jie},
  title = {Software sustainability: The modern tower of Babel},
  volume = {1216},
  pages = {7-12},
  year = {2014},
}

@inproceedings{vitek2011repeatability,
  booktitle = {Proceedings of the ninth ACM international conference on Embedded software},
  organization = {ACM},
  author = {Vitek, Jan and Kalibera, Tomas},
  title = {Repeatability, reproducibility, and rigor in systems research},
  pages = {33--38},
  year = {2011},
}

@article{wainer2007metodos,
  author = {Wainer, Jacques and others,},
  title = {Métodos de pesquisa quantitativa e qualitativa para a Ciência da Computação},
  journal = {Atualização em informática},
  volume = {1},
  pages = {221-262},
  year = {2007},
}

@book{wazlawick2015metodologia,
  publisher = {Elsevier Brasil},
  author = {Wazlawick, Raul},
  title = {Metodologia de pesquisa para ciência da computação},
  volume = {2},
  year = {2015},
}

@inproceedings{weiner2009astronomical,
  Adsnote = {Provided by the SAO/NASA Astrophysics Data System},
  Adsurl = {http://adsabs.harvard.edu/abs/2009astro2010P..61W},
  Archiveprefix = {arXiv},
  booktitle = {astro2010: The Astronomy and Astrophysics Decadal Survey},
  Eprint = {0903.3971},
  Primaryclass = {astro-ph.IM},
  series = {Astronomy},
  author = {Weiner, B. and Blanton, M. R. and Coil, A. L. and Cooper, M. C. and Davé, R. and Hogg, D. W. and Holden, B. P. and Jonsson, P. and Kassin, S. A. and Lotz, J. M. and Moustakas, J. and Newman, J. A. and Prochaska, J. X. and Teuben, P. J. and Tremonti, C. A. and Willmer, C. N. A.},
  title = {Astronomical Software Wants To Be Free: A Manifesto},
  volume = {2010},
  year = {2009},
}

@article{wichmann1995industrial,
  Publisher = {Citeseer},
  author = {Wichmann, BA and Canning, AA and Clutterbuck, DL and Winsborrow, LA and Ward, NJ and Marsh, DWR},
  title = {Industrial perspective on static analysis},
  journal = {Software Engineering Journal},
  volume = {10},
  number = {2},
  pages = {69},
  year = {1995},
}

@misc{WikipediaOpenScience,
  howpublished = {Open Science},
  month = {Outubro},
  note = {[Online; acessado 13 Outubro de 2015]},
  Url = {http://en.wikipedia.org/wiki/Open_science},
  author = {Wikipedia},
  title = {Open Science},
  year = {2015},
}

@article{wilkinson2016fair,
  Publisher = {Nature Publishing Group},
  author = {Wilkinson, Mark D. and Dumontier, Michel and Aalbersberg, IJsbrand Jan and Appleton, Gabrielle and Axton, Myles and Baak, Arie and Blomberg, Niklas and Boiten, Jan-Willem and da Silva Santos, Luiz Bonino and Bourne, Philip E. and others,},
  title = {The FAIR Guiding Principles for scientific data management and stewardship},
  journal = {Scientific data},
  volume = {3},
  year = {2016},
}

@article{wilson2014best,
  Abstract = {We describe a set of best practices for scientific software development, based on research and experience, that will improve scientists’ productivity and the reliability of their software.},
  Month = {01},
  Publisher = {Public Library of Science},
  Url = {https://doi.org/10.1371/journal.pbio.1001745},
  author = {Wilson, Greg AND Aruliah, D.  A.  AND Brown, C.  Titus AND Chue Hong, Neil P.  AND Davis, Matt AND Guy, Richard T.  AND Haddock, Steven H.  D.  AND Huff, Kathryn D.  AND Mitchell, Ian M.  AND Plumbley, Mark D.  AND Waugh, Ben AND White, Ethan P.  AND Wilson, Paul},
  title = {Best Practices for Scientific Computing},
  journal = {PLOS Biology},
  volume = {12},
  number = {1},
  pages = {1-7},
  year = {2014},
  doi = {10.1371/journal.pbio.1001745},
}

@article{wilson2014software,
  Publisher = {Faculty of 1000 Ltd},
  author = {Wilson, Greg},
  title = {Software Carpentry: lessons learned},
  journal = {F1000Research},
  volume = {3},
  year = {2014},
}

@article{wilson2017good,
  Month = {06},
  Publisher = {Public Library of Science},
  Url = {https://doi.org/10.1371/journal.pcbi.1005510},
  author = {Wilson, Greg AND Bryan, Jennifer AND Cranston, Karen AND Kitzes, Justin AND Nederbragt, Lex AND Teal, Tracy K.},
  title = {Good enough practices in scientific computing},
  journal = {PLOS Computational Biology},
  volume = {13},
  number = {6},
  pages = {1-20},
  year = {2017},
  doi = {10.1371/journal.pcbi.1005510},
}

@article{wren2017use,
  Publisher = {Oxford University Press},
  author = {Wren, Jonathan D. and Georgescu, Constantin and Giles, Cory B. and Hennessey, Jason},
  title = {Use it or lose it: citations predict the continued online availability of published bioinformatics resources},
  journal = {Nucleic acids research},
  volume = {45},
  number = {7},
  pages = {3627-3633},
  year = {2017},
}

@inproceedings{zhang2013how,
  Author:corp = {Citeseer},
  booktitle = {ICSM},
  author = {Zhang, Feng and Mockus, Audris and Zou, Ying and Khomh, Foutse and Hassan, Ahmed E.},
  title = {How does context affect the distribution of software maintainability metrics?},
  pages = {350-359},
  year = {2013},
}

@article{rajlich2000staged,
  Publisher = {IEEE},
  author = {Rajlich, Václav T. and Bennett, Keith H.},
  title = {A staged model for the software life cycle},
  journal = {Computer},
  volume = {33},
  number = {7},
  pages = {66-71},
  year = {2000},
}

@inproceedings{capiluppi2007adapting,
  Author:corp = {ACM},
  booktitle = {Ninth international workshop on Principles of software evolution: in conjunction with the 6th ESEC/FSE joint meeting},
  author = {Capiluppi, Andrea and González-Barahona, Jesús M. and Herraiz, Israel and Robles, Gregorio},
  title = {Adapting the staged model for software evolution to free/libre/open source software},
  pages = {79-82},
  year = {2007},
}

@article{basili1994goal,
  title={The Goal Question Metric Approach},
  author={Basili, Victor R and Caldiera, Gianluigi and Rombach, H Dieter},
  journal={Encyclopedia of Software Engineering},
  volume={2},
  pages={528--532},
  year={1994},
  publisher={Wiley},
}

@article{goble2014better,
  Publisher = {IEEE},
  author = {Goble, Carole},
  title = {Better software, better research},
  journal = {IEEE Internet Computing},
  volume = {18},
  number = {5},
  pages = {4-8},
  year = {2014},
}

@inproceedings{lehman1997metrics,
  title={Metrics and laws of software evolution-the nineties view},
  author={Lehman, Meir M and Ramil, Juan F and Wernick, Paul D and Perry, Dewayne E and Turski, Wladyslaw M},
  booktitle={Software Metrics Symposium, 1997. Proceedings., Fourth International},
  pages={20--32},
  year={1997},
  organization={IEEE}
}

@article{jimenez_four_2017,
	title = {Four simple recommendations to encourage best practices in research software},
	volume = {6},
	issn = {2046-1402},
	url = {https://f1000research.com/articles/6-876/v1},
	doi = {10.12688/f1000research.11407.1},
	language = {en},
	journal = {F1000Research},
	author = {Jiménez, Rafael C. and Kuzak, Mateusz and Alhamdoosh, Monther and Barker, Michelle and Batut, Bérénice and Borg, Mikael and Capella-Gutierrez, Salvador and Chue Hong, Neil and Cook, Martin and Corpas, Manuel and Flannery, Madison and Garcia, Leyla and Gelpí, Josep Ll. and Gladman, Simon and Goble, Carole and González Ferreiro, Montserrat and Gonzalez-Beltran, Alejandra and Griffin, Philippa C. and Grüning, Björn and Hagberg, Jonas and Holub, Petr and Hooft, Rob and Ison, Jon and Katz, Daniel S. and Leskošek, Brane and López Gómez, Federico and Oliveira, Luis J. and Mellor, David and Mosbergen, Rowland and Mulder, Nicola and Perez-Riverol, Yasset and Pergl, Robert and Pichler, Horst and Pope, Bernard and Sanz, Ferran and Schneider, Maria V. and Stodden, Victoria and Suchecki, Radosław and Svobodová Vařeková, Radka and Talvik, Harry-Anton and Todorov, Ilian and Treloar, Andrew and Tyagi, Sonika and van Gompel, Maarten and Vaughan, Daniel and Via, Allegra and Wang, Xiaochuan and Watson-Haigh, Nathan S. and Crouch, Steve},
	month = jun,
	year = {2017},
	pages = {876},
	file = {Four simple recommendations to encourage best practices in research software - F1000Research:/home/joenio/.zotero/zotero/w0gd1k53.default/zotero/storage/7V22N4UQ/v1.html:text/html;Four simple recommendations to encourage best practices in research software.pdf:/home/joenio/.zotero/zotero/w0gd1k53.default/zotero/storage/EUKE6AQI/Four simple recommendations to encourage best practices in research software.pdf:application/pdf}
}
