@inproceedings{LijieWang:2011:AEW:2190078.2190135,
  author = {Lijie Wang and Lu Fang and Leye Wang and Ge Li and Bing Xie and Fuqing Yang},
  title = {APIExample: An Effective Web Search Based Usage Example Recommendation System for Java APIs},
  booktitle = {Proceedings of the 2011 26th IEEE/ACM International Conference on Automated Software Engineering},
  series = {ASE '11},
  year = {2011},
  isbn = {978-1-4577-1638-6},
  pages = {592--595},
  numpages = {4},
  url = {http://dx.doi.org/10.1109/ASE.2011.6100133},
  doi = {10.1109/ASE.2011.6100133},
  acmid = {2190135},
  publisher = {IEEE Computer Society},
  address = {Washington, DC, USA},
  review = {este artigo é o mesmo que publicou o software},
  really_refers_to_software = {no},
}

@inproceedings{7081812,
  author = {M. A. Saied and O. Benomar and H. Abdeen and H. Sahraoui},
  booktitle = {2015 IEEE 22nd International Conference on Software Analysis, Evolution, and Reengineering (SANER)},
  title = {Mining Multi-level API Usage Patterns},
  year = {2015},
  pages = {23-32},
  keywords = {application program interfaces;data mining;software libraries;MLUP;application programming interface;multilevel API usage pattern mining;Clustering algorithms;Context;Documentation;Graphical user interfaces;Java;Layout;Security;API Documentation;API Usage;Software Clustering;Usage Pattern},
  doi = {10.1109/SANER.2015.7081812},
  issn = {1534-5351},
  month = {March},
  review = {apenas cita o artigo que publicou o software},
  really_refers_to_software = {no},
}

@inproceedings{Buse:2012:SAU:2337223.2337316,
  author = {Buse, Raymond P. L. and Weimer, Westley},
  title = {Synthesizing API Usage Examples},
  booktitle = {Proceedings of the 34th International Conference on Software Engineering},
  series = {ICSE '12},
  year = {2012},
  isbn = {978-1-4673-1067-3},
  location = {Zurich, Switzerland},
  pages = {782--792},
  numpages = {11},
  url = {http://dl.acm.org/citation.cfm?id=2337223.2337316},
  acmid = {2337316},
  publisher = {IEEE Press},
  address = {Piscataway, NJ, USA},
  review = {não faz referência ao nome do software},
  really_refers_to_software = {no},
}

@inproceedings{Yu:2016:AEA:2993717.2993727,
  author = {Yu, Haibo and Song, Wenhao and Mine, Tsunenori},
  title = {APIBook: An Effective Approach for Finding APIs},
  booktitle = {Proceedings of the 8th Asia-Pacific Symposium on Internetware},
  series = {Internetware '16},
  year = {2016},
  isbn = {978-1-4503-4829-4},
  location = {Beijing, China},
  pages = {45--53},
  numpages = {9},
  url = {http://doi.acm.org/10.1145/2993717.2993727},
  doi = {10.1145/2993717.2993727},
  acmid = {2993727},
  publisher = {ACM},
  address = {New York, NY, USA},
  keywords = {API recommendation, API search, information retrieval, program analysis},
  review = {cita o software como trabalho relacionado},
  really_refers_to_software = {yes},
  contribution_weight = {0.1},
}

@inproceedings{7476684,
  author = {S. Radevski and H. Hata and K. Matsumoto},
  booktitle = {2016 IEEE 23rd International Conference on Software Analysis, Evolution, and Reengineering (SANER)},
  title = {Towards Building API Usage Example Metrics},
  year = {2016},
  volume = {1},
  pages = {619-623},
  keywords = {Java;application program interfaces;software libraries;software metrics;source code (software);API Web site;API example creation;API libraries;API usage-example metrics;GitHub directory;Java;application program interfaces;class coverage percentage;empirical measurement;example code-to-source code ratio;example coverage;information sources;knowledge base;knowledge sources;source code example metric analysis;Blogs;Documentation;Encoding;Java;Libraries;Measurement;Natural languages;API Usage Metrics;API coverage;API examples;Code Coverage;Example Coverage;Example Metrics;Examples},
  doi = {10.1109/SANER.2016.79},
  month = {March},
  review = {apenas cita o artigo que publicou o software},
  really_refers_to_software = {no},
}

@inproceedings{Gerken:2011:CMM:1978942.1979445,
  author = {Gerken, Jens and Jetter, Hans-Christian and Z\"{o}llner, Michael and Mader, Martin and Reiterer, Harald},
  title = {The Concept Maps Method As a Tool to Evaluate the Usability of APIs},
  booktitle = {Proceedings of the SIGCHI Conference on Human Factors in Computing Systems},
  series = {CHI '11},
  year = {2011},
  isbn = {978-1-4503-0228-9},
  location = {Vancouver, BC, Canada},
  pages = {3373--3382},
  numpages = {10},
  url = {http://doi.acm.org/10.1145/1978942.1979445},
  doi = {10.1145/1978942.1979445},
  acmid = {1979445},
  publisher = {ACM},
  address = {New York, NY, USA},
  keywords = {API usability, concept maps, evaluation method, longitudinal},
  review = {não faz referência ao nome do software},
  really_refers_to_software = {no},
}

@inproceedings{VanNguyen:2017:CWR:3098344.3098406,
  author = {Van Nguyen, Thanh and Nguyen, Anh Tuan and Phan, Hung Dang and Nguyen, Trong Duc and Nguyen, Tien N.},
  title = {Combining Word2Vec with Revised Vector Space Model for Better Code Retrieval},
  booktitle = {Proceedings of the 39th International Conference on Software Engineering Companion},
  series = {ICSE-C '17},
  year = {2017},
  isbn = {978-1-5386-1589-8},
  location = {Buenos Aires, Argentina},
  pages = {183--185},
  numpages = {3},
  url = {https://doi.org/10.1109/ICSE-C.2017.90},
  doi = {10.1109/ICSE-C.2017.90},
  acmid = {3098406},
  publisher = {IEEE Press},
  address = {Piscataway, NJ, USA},
  keywords = {Word2Vec, code search, information retrieval},
  review = {nenhuma referência ao nome do software encontrado no texto},
  really_refers_to_software = {no},
}

@inproceedings{Sohan:2017:AEO:3103112.3103140,
  author = {Sohan, S M and Anslow, Craig and Maurer, Frank},
  title = {Automated Example Oriented REST API Documentation at Cisco},
  booktitle = {Proceedings of the 39th International Conference on Software Engineering: Software Engineering in Practice Track},
  series = {ICSE-SEIP '17},
  year = {2017},
  isbn = {978-1-5386-2717-4},
  location = {Buenos Aires, Argentina},
  pages = {213--222},
  numpages = {10},
  url = {https://doi.org/10.1109/ICSE-SEIP.2017.11},
  doi = {10.1109/ICSE-SEIP.2017.11},
  acmid = {3103140},
  publisher = {IEEE Press},
  address = {Piscataway, NJ, USA},
  keywords = {API, HTTP, REST, automation, case study, documentation, test, tool, web API},
  review = {não faz referência ao nome do software},
  really_refers_to_software = {no},
}

@inproceedings{7552017,
  author = {M. Nadeem and B. J. Williams and G. L. Bradshaw and E. B. Allen},
  booktitle = {2016 IEEE 40th Annual Computer Software and Applications Conference (COMPSAC)},
  title = {Human Subject Evaluation of Computer-Security Training Recommender},
  year = {2016},
  volume = {1},
  pages = {251-256},
  keywords = {information filtering;recommender systems;security of data;software engineering;human subject evaluation;information filtering;mitigation strategy;public vulnerability repository;recommender system;security breach;security vulnerability;software development;software security training;Analysis of variance;Computer architecture;Indexes;Recommender systems;Security;Software;Training;FindBugs;Recommender system;public vulnerability repository;security;software vulnerabilities;static analysis},
  doi = {10.1109/COMPSAC.2016.130},
  month = {June},
  review = {apenas cita o artigo que publicou o software},
  really_refers_to_software = {no},
}

@inproceedings{Ghafari:2014:MUT:2597008.2597789,
  author = {Ghafari, Mohammad and Ghezzi, Carlo and Mocci, Andrea and Tamburrelli, Giordano},
  title = {Mining Unit Tests for Code Recommendation},
  booktitle = {Proceedings of the 22Nd International Conference on Program Comprehension},
  series = {ICPC 2014},
  year = {2014},
  isbn = {978-1-4503-2879-1},
  location = {Hyderabad, India},
  pages = {142--145},
  numpages = {4},
  url = {http://doi.acm.org/10.1145/2597008.2597789},
  doi = {10.1145/2597008.2597789},
  acmid = {2597789},
  publisher = {ACM},
  address = {New York, NY, USA},
  keywords = {Code recommendation, unit tests, usage examples},
  review = {nenhuma referência ao nome do software encontrado no texto},
  really_refers_to_software = {no},
}

@inproceedings{6671315,
  author = {J. E. Montandon and H. Borges and D. Felix and M. T. Valente},
  booktitle = {2013 20th Working Conference on Reverse Engineering (WCRE)},
  title = {Documenting APIs with examples: Lessons learned with the APIMiner platform},
  year = {2013},
  pages = {401-408},
  keywords = {Java;application program interfaces;data mining;software engineering;system documentation;API documentation;API learning process;APIMiner platform;Android API;application programming interfaces;private source code repository;software development;standard Java-based API documentation format;static slicing algorithm;Androids;Computer architecture;Documentation;Google;Humanoid robots;Instruments;Measurement;API documentation;JavaDoc;field study;source code examples},
  doi = {10.1109/WCRE.2013.6671315},
  issn = {1095-1350},
  month = {Oct},
  review = {cita o software como exemplo de ferramenta para recomendação de API numa tabela comparativa},
  really_refers_to_software = {yes},
  contribution_weight = {0.1},
}

@inproceedings{Nguyen:2016:LAU:2884781.2884873,
  author = {Nguyen, Tam The and Pham, Hung Viet and Vu, Phong Minh and Nguyen, Tung Thanh},
  title = {Learning API Usages from Bytecode: A Statistical Approach},
  booktitle = {Proceedings of the 38th International Conference on Software Engineering},
  series = {ICSE '16},
  year = {2016},
  isbn = {978-1-4503-3900-1},
  location = {Austin, Texas},
  pages = {416--427},
  numpages = {12},
  url = {http://doi.acm.org/10.1145/2884781.2884873},
  doi = {10.1145/2884781.2884873},
  acmid = {2884873},
  publisher = {ACM},
  address = {New York, NY, USA},
  keywords = {API usage, mobile apps, statistical model},
  review = {não faz referência ao nome do software},
  really_refers_to_software = {no},
}

@inproceedings{Zhu:2013:GAE:2532443.2532470,
  author = {Zhu, Zixiao and Zou, Yanzhen and Jin, Yong and Xie, Bing},
  title = {Generating API-usage Example for Project Developers},
  booktitle = {Proceedings of the 5th Asia-Pacific Symposium on Internetware},
  series = {Internetware '13},
  year = {2013},
  isbn = {978-1-4503-2369-7},
  location = {Changsha, China},
  pages = {34:1--34:4},
  articleno = {34},
  numpages = {4},
  url = {http://doi.acm.org/10.1145/2532443.2532470},
  doi = {10.1145/2532443.2532470},
  acmid = {2532470},
  publisher = {ACM},
  address = {New York, NY, USA},
  keywords = {software reuse, test code, test scenario, usage example},
  review = {cita o software como trabalho relacionado},
  really_refers_to_software = {yes},
  contribution_weight = {0.1},
}

@inproceedings{6747190,
  author = {E. Hill and M. Roldan-Vega and J. A. Fails and G. Mallet},
  booktitle = {2014 Software Evolution Week - IEEE Conference on Software Maintenance, Reengineering, and Reverse Engineering (CSMR-WCRE)},
  title = {NL-based query refinement and contextualized code search results: A user study},
  year = {2014},
  pages = {34-43},
  keywords = {query formulation;query processing;software maintenance;Eclipse plug-in;NL-based information;NL-based query refinement;contextualized code search;customization;feedback mechanisms;natural language query;query formulation;query reformulation techniques;query words;searching source code;software maintenance tasks;software systems;source code search tools;Accuracy;Java;Maintenance engineering;Natural languages;Search problems;Software maintenance;feature location;software maintenance;source code search},
  doi = {10.1109/CSMR-WCRE.2014.6747190},
  month = {Feb},
  review = {apenas cita o artigo que publicou o software},
  really_refers_to_software = {no},
}

@inproceedings{Nhu:2015:PCE:2811681.2811687,
  author = {Nhu, Duong and Chua, Caslon},
  title = {Preprocessing Code Example For Searching},
  booktitle = {Proceedings of the ASWEC 2015 24th Australasian Software Engineering Conference},
  series = {ASWEC ' 15 Vol. II},
  year = {2015},
  isbn = {978-1-4503-3796-0},
  location = {Adelaide, SA, Australia},
  pages = {28--32},
  numpages = {5},
  url = {http://doi.acm.org/10.1145/2811681.2811687},
  doi = {10.1145/2811681.2811687},
  acmid = {2811687},
  publisher = {ACM},
  address = {New York, NY, USA},
  keywords = {Program Code Indexing, Programming Code, Search, Teaching Programming},
  review = {apenas cita o artigo que publicou o software},
  really_refers_to_software = {no},
}

