@inproceedings{Huang:2014:ARP:2554850.2554854,
  author = {Huang, Rubing and Chen, Jinfu and Li, Zhicheng and Wang, Rongcun and Lu, Yansheng},
  title = {Adaptive Random Prioritization for Interaction Test Suites},
  booktitle = {Proceedings of the 29th Annual ACM Symposium on Applied Computing},
  series = {SAC '14},
  year = {2014},
  isbn = {978-1-4503-2469-4},
  location = {Gyeongju, Republic of Korea},
  pages = {1058--1063},
  numpages = {6},
  url = {http://doi.acm.org/10.1145/2554850.2554854},
  doi = {10.1145/2554850.2554854},
  acmid = {2554854},
  publisher = {ACM},
  address = {New York, NY, USA},
  keywords = {adaptive random prioritization, algorithm, combinatorial interaction testing, interaction coverage, interaction test suite, random prioritization, test case prioritization},
}

@inproceedings{Fitch:1969:ULD:800260.809039,
  author = {Fitch, A. E.},
  title = {A User Looks at Da\&Mdash;Yesterday, Today, Tomorrow},
  booktitle = {Proceedings of the 6th Annual Design Automation Conference},
  series = {DAC '69},
  year = {1969},
  pages = {371--382},
  numpages = {12},
  url = {http://doi.acm.org/10.1145/800260.809039},
  doi = {10.1145/800260.809039},
  acmid = {809039},
  publisher = {ACM},
  address = {New York, NY, USA},
}

@Article{2005:1061874,
  journal = {SIGSOFT Softw. Eng. Notes},
  year = {2005},
  issn = {0163-5948},
  volume = {30},
  number = {3},
  issue_date = {May 2005},
  publisher = {ACM},
  address = {New York, NY, USA},
  key = {{$\!\!$}} ,
}

@article{Squicciarini:2010:PPS:1921763.1921801,
  author = {Squicciarini, Anna C. and Shehab, Mohamed and Wede, Joshua},
  title = {Privacy Policies for Shared Content in Social Network Sites},
  journal = {The VLDB Journal},
  issue_date = {December  2010},
  volume = {19},
  number = {6},
  month = dec,
  year = {2010},
  issn = {1066-8888},
  pages = {777--796},
  numpages = {20},
  url = {http://dx.doi.org/10.1007/s00778-010-0193-7},
  doi = {10.1007/s00778-010-0193-7},
  acmid = {1921801},
  publisher = {Springer-Verlag New York, Inc.},
  address = {Secaucus, NJ, USA},
  keywords = {Clarke-Tax, Game theory, Privacy, Social networks},
}

@article{Moore:2014:RLC:2627435.2627456,
  author = {Moore, Brett L. and Pyeatt, Larry D. and Kulkarni, Vivekanand and Panousis, Periklis and Padrez, Kevin and Doufas, Anthony G.},
  title = {Reinforcement Learning for Closed-loop Propofol Anesthesia: A Study in Human Volunteers},
  journal = {J. Mach. Learn. Res.},
  issue_date = {January 2014},
  volume = {15},
  number = {1},
  month = jan,
  year = {2014},
  issn = {1532-4435},
  pages = {655--696},
  numpages = {42},
  url = {http://dl.acm.org/citation.cfm?id=2627435.2627456},
  acmid = {2627456},
  publisher = {JMLR.org},
  keywords = {anesthesia, bispectral index, closed-loop control, hypnosis, propofol, reinforcement learning},
}

@inproceedings{Judd:2005:SMC:1080148.1080161,
  author = {Judd, Glenn and Steenkiste, Peter},
  title = {A Simple Mechanism for Capturing and Replaying Wireless Channels},
  booktitle = {Proceedings of the 2005 ACM SIGCOMM Workshop on Experimental Approaches to Wireless Network Design and Analysis},
  series = {E-WIND '05},
  year = {2005},
  isbn = {1-59593-026-4},
  location = {Philadelphia, Pennsylvania, USA},
  pages = {58--63},
  numpages = {6},
  url = {http://doi.acm.org/10.1145/1080148.1080161},
  doi = {10.1145/1080148.1080161},
  acmid = {1080161},
  publisher = {ACM},
  address = {New York, NY, USA},
  keywords = {channel capture, emulation, wireless},
}
