@ARTICLE{7823340,
  author={G. Muhammad and S. M. M. Rahman and A. Alelaiwi and A. Alamri},
  journal={IEEE Communications Magazine},
  title={Smart Health Solution Integrating IoT and Cloud: A Case Study of Voice Pathology Monitoring},
  year={2017},
  volume={55},
  number={1},
  pages={69-73},
  keywords={Internet of Things;cloud computing;medical signal processing;neural nets;signal classification;signal representation;speech processing;Internet of Things;IoT-cloud;extreme learning machine classifier;local binary pattern;smart health;voice pathology monitoring;voice signal mel-spectrum representation;Biomedical monitoring;Cloud computing;Internet of things;Medical services;Mobile communication;Pathology;Patient monitoring;Speech processing},
  doi={10.1109/MCOM.2017.1600425CM},
  ISSN={0163-6804},
  month={January},
}

@INBOOK{6281092,
  author={Michael L. Dertouzos and Joel Moses},
  booktitle={The Computer Age:A Twenty-Year View},
  title={Index},
  year={1980},
  pages={467-491},
  publisher={MIT Press},
  isbn={9780262256001},
  url={http://ieeexplore.ieee.org/xpl/articleDetails.jsp?arnumber=6281092},
}

@INPROCEEDINGS{5954399,
  author={M. Harman},
  booktitle={2011 IEEE Fourth International Conference on Software Testing, Verification and Validation Workshops},
  title={Making the Case for MORTO: Multi Objective Regression Test Optimization},
  year={2011},
  pages={111-114},
  keywords={optimisation;program testing;regression analysis;multiobjective regression test optimization;test prioritization;test selection;Conferences;IEEE Computer Society Press;Minimization;Optimization;Software engineering;Testing;USA Councils;SBSE;Search Based Software Engineering;regression testing;test prioritization;test selection;testing},
  doi={10.1109/ICSTW.2011.60},
  month={March},
}

@ARTICLE{6370553,
  journal={IEEE Spectrum},
  title={Forum},
  year={1985},
  volume={22},
  number={2},
  pages={8-16},
  doi={10.1109/MSPEC.1985.6370553},
  ISSN={0018-9235},
  month={Feb},
}

@ARTICLE{757619,
  journal={IEEE Std 493-1997 [IEEE Gold Book]},
  title={IEEE Recommended Practice for the Design of Reliable Industrial and Commercial Power Systems (Gold Book)},
  year={1998},
  pages={1-464},
  keywords={industrial power systems;IEEE Recommended Practice;economic evaluation;equipment reliability;grounding;installation practices;maintenance practices;power distribution system planning;power outage costs;power system reliability evaluation;preventive maintenance;probability methods;reliability analysis;reliable commercial power system design;standby power;Industrial power systems;The fundamentals of reliability analysis to the planning and design of industrial and commercial electric ower distribution systems are presented},
  doi={10.1109/IEEESTD.1998.89291},
  month={Aug},
}

@ARTICLE{6770185,
  author={S. Sabnis and M. Verbruggen and J. Hickey and A. J. McBride},
  journal={Bell Labs Technical Journal},
  title={Intrinsically secure next-generation networks},
  year={2012},
  volume={17},
  number={3},
  pages={17-36},
  doi={10.1002/bltj.21556},
  ISSN={1089-7089},
  month={Dec},
}

@INPROCEEDINGS{4293571,
  author={J. C. Sanchez and L. Williams and E. M. Maximilien},
  booktitle={Agile 2007 (AGILE 2007)},
  title={On the Sustained Use of a Test-Driven Development Practice at IBM},
  year={2007},
  pages={5-14},
  keywords={Java;program testing;software engineering;IBM;Java-implemented product;TDD;automated tests;code complexity;cyclomatic complexity metric;test-driven development practice;Automatic control;Automatic testing;Computer science;Java;Process design;Production;Productivity;Programming profession;Software testing;Writing},
  doi={10.1109/AGILE.2007.43},
  month={Aug},
}
