@inproceedings{1026888,
  author = {M. Hirata and T. Hasegawa and K. Nonami},
  booktitle = {7th International Workshop on Advanced Motion Control. Proceedings (Cat. No.02TH8623)},
  title = {Seek control of hard disk drives based on final-state control taking account of the frequency components and the magnitude of control input},
  year = {2002},
  pages = {40-45},
  keywords = {control system analysis;control system synthesis;disc drives;hard discs;position control;control input;control input frequency component;control simulation;final-state control design;hard disk drives seek control;input constraints;reference trajectory;zero-order-hold;Control systems;Control theory;Design methodology;Frequency;Hard disks;Magnetic heads;Mechanical engineering;Sampling methods;Servomechanisms;Vibrations},
  doi = {10.1109/AMC.2002.1026888},
  month = {},
  review = {não faz referência ao nome do software},
  really_refers_to_software = {no},
}

@inproceedings{7335399,
  author = {M. Sayagh and B. Adams},
  booktitle = {2015 IEEE 15th International Working Conference on Source Code Analysis and Manipulation (SCAM)},
  title = {Multi-layer software configuration: Empirical study on wordpress},
  year = {2015},
  pages = {31-40},
  keywords = {configuration management;database management systems;PHP configuration options;PHP engine;WP configurable constants;WP database options;WP plugins;Wordpress;multilayer software configuration;Context;Databases;Engines;Kernel;Linux;Software systems},
  doi = {10.1109/SCAM.2015.7335399},
  month = {Sept},
  review = {cita o software como trabalho relacionado},
  really_refers_to_software = {yes},
  contribution_weight = {0.1},
}

@inproceedings{4108118,
  author = {M. Hirata and Y. Hasegawa},
  booktitle = {2006 SICE-ICASE International Joint Conference},
  title = {Vibration minimized trajectory design for information devices},
  year = {2006},
  pages = {2777-2780},
  keywords = {control system synthesis;disc storage;feedforward;position control;vibration control;final-state control method;information devices;vibration minimized trajectory design;Actuators;Design engineering;Design methodology;Disk recording;Hard disks;Magnetic heads;Performance analysis;Resonance;Resonant frequency;Vibration control;Vibration minimized trajectory;final-state control;information devices},
  doi = {10.1109/SICE.2006.314706},
  month = {Oct},
  review = {não faz referência ao nome do software},
  really_refers_to_software = {no},
}

@inproceedings{Lillack:2014:TLC:2642937.2643001,
  author = {Lillack, Max and K\"{a}stner, Christian and Bodden, Eric},
  title = {Tracking Load-time Configuration Options},
  booktitle = {Proceedings of the 29th ACM/IEEE International Conference on Automated Software Engineering},
  series = {ASE '14},
  year = {2014},
  isbn = {978-1-4503-3013-8},
  location = {Vasteras, Sweden},
  pages = {445--456},
  numpages = {12},
  url = {http://doi.acm.org/10.1145/2642937.2643001},
  doi = {10.1145/2642937.2643001},
  acmid = {2643001},
  publisher = {ACM},
  address = {New York, NY, USA},
  keywords = {configuration options, static analysis, variability mining},
  review = {mesmo artigo selecionado na revisão estruturada},
  really_refers_to_software = {yes},
  contribution_weight = {1},
  step = {structured-review},
  conference = {ASE},
}

