@inproceedings{Bajaj:2014:DDJ:2642937.2642981,
  author = {Bajaj, Kartik and Pattabiraman, Karthik and Mesbah, Ali},
  title = {Dompletion: DOM-aware JavaScript Code Completion},
  booktitle = {Proceedings of the 29th ACM/IEEE International Conference on Automated Software Engineering},
  series = {ASE '14},
  year = {2014},
  isbn = {978-1-4503-3013-8},
  location = {Vasteras, Sweden},
  pages = {43--54},
  numpages = {12},
  url = {http://doi.acm.org/10.1145/2642937.2642981},
  doi = {10.1145/2642937.2642981},
  acmid = {2642981},
  publisher = {ACM},
  address = {New York, NY, USA},
  keywords = {code completion, dom, javascript, web applications},
  review={artigo selecionado na revis√£o estruturada},
  really_refers_to_software={yes},
  contribution_weight={1},
  step={structured-review},
}
