@inproceedings{Li:2012:LMR:2328876.2328881,
  author = {Li, Huiqing and Thompson, Simon},
  title = {Let's Make Refactoring Tools User-extensible!},
  booktitle = {Proceedings of the Fifth Workshop on Refactoring Tools},
  series = {WRT '12},
  year = {2012},
  isbn = {978-1-4503-1500-5},
  location = {Rapperswil, Switzerland},
  pages = {32--39},
  numpages = {8},
  url = {http://doi.acm.org/10.1145/2328876.2328881},
  doi = {10.1145/2328876.2328881},
  acmid = {2328881},
  publisher = {ACM},
  address = {New York, NY, USA},
  keywords = {API, DSL, Erlang, Wrangler, analysis, concrete syntax, extensible, program transformation, refactoring},
  review={cita o software como trabalho relacionado},
  really_refers_to_software={yes},
  contribution_weight={1},
}
