@inproceedings{Ma:2015:GST:2821339.2821355,
  author = {Ma, Lei and Artho, Cyrille and Zhang, Cheng and Sato, Hiroyuki and Hagiya, Masami and Tanabe, Yoshinori and Yamamoto, Mitsuharu},
  title = {GRT at the SBST 2015 Tool Competition},
  booktitle = {Proceedings of the Eighth International Workshop on Search-Based Software Testing},
  series = {SBST '15},
  year = {2015},
  location = {Florence, Italy},
  pages = {48--51},
  numpages = {4},
  url = {http://dl.acm.org/citation.cfm?id=2821339.2821355},
  acmid = {2821355},
  publisher = {IEEE Press},
  address = {Piscataway, NJ, USA},
  keywords = {automatic test case generation, program analysis, random testing, software testing},
  review={uma competição onde o software ficou em primeiro no ranking, apresenta o software},
  really_refers_to_software={yes},
  contribution_weight={0},
  weightless_contributions={1º no SBST '15},
}

@article{Chiang:2014:ESI:2692916.2555265,
  author = {Chiang, Wei-Fan and Gopalakrishnan, Ganesh and Rakamaric, Zvonimir and Solovyev, Alexey},
  title = {Efficient Search for Inputs Causing High Floating-point Errors},
  journal = {SIGPLAN Not.},
  issue_date = {August 2014},
  volume = {49},
  number = {8},
  month = feb,
  year = {2014},
  issn = {0362-1340},
  pages = {43--52},
  numpages = {10},
  url = {http://doi.acm.org/10.1145/2692916.2555265},
  doi = {10.1145/2692916.2555265},
  acmid = {2555265},
  publisher = {ACM},
  address = {New York, NY, USA},
  keywords = {floating-point error estimation methods, guided search, sequential and parallel programming},
  review={apresenta um novo software Binary Guided Random Testing (BGRT)},
  really_refers_to_software={yes},
  contribution_weight={0},
  weightless_contributions={BGRT},
}

@inproceedings{Chiang:2014:ESI:2555243.2555265,
  author = {Chiang, Wei-Fan and Gopalakrishnan, Ganesh and Rakamaric, Zvonimir and Solovyev, Alexey},
  title = {Efficient Search for Inputs Causing High Floating-point Errors},
  booktitle = {Proceedings of the 19th ACM SIGPLAN Symposium on Principles and Practice of Parallel Programming},
  series = {PPoPP '14},
  year = {2014},
  isbn = {978-1-4503-2656-8},
  location = {Orlando, Florida, USA},
  pages = {43--52},
  numpages = {10},
  url = {http://doi.acm.org/10.1145/2555243.2555265},
  doi = {10.1145/2555243.2555265},
  acmid = {2555265},
  publisher = {ACM},
  address = {New York, NY, USA},
  keywords = {floating-point error estimation methods, guided search, sequential and parallel programming},
  review={item duplicado},
  really_refers_to_software={no},
}
