@inproceedings{7335422,
  author = {G. Szőke and C. Nagy and L. J. Fülöp and R. Ferenc and T. Gyimóthy},
  booktitle = {2015 IEEE 15th International Working Conference on Source Code Analysis and Manipulation (SCAM)},
  title = {FaultBuster: An automatic code smell refactoring toolset},
  year = {2015},
  pages = {253-258},
  keywords = {DP industry;program diagnostics;program testing;software maintenance;Eclipse;Faultbuster;IDE plugins;IntelliJ IDEA;Netbeans;automatic code smell refactoring toolset;automatic refactoring;continuous refactoring;integrated testing tools;software development companies;static code analysis;time 2 year;Algorithm design and analysis;Companies;Control systems;Encoding;Java;Software;Testing;Automatic refactoring;Columbus;SourceMeter;antipatterns;code smells;coding issues},
  doi = {10.1109/SCAM.2015.7335422},
  month = {Sept},
  review = {é o mesmo artigo que publicou o software},
  really_refers_to_software = {no},
}

@inproceedings{6580260,
  author = {J. Sofrony and M. Turner and J. Cortes},
  booktitle = {2013 American Control Conference},
  title = {A relaxed LMI approach to actuator fault detection and isolation},
  year = {2013},
  pages = {2809-2814},
  keywords = {H∞ optimisation;Lyapunov methods;control system synthesis;fault diagnosis;linear matrix inequalities;linear systems;FDI;actuator fault detection and isolation;detectability properties;detectability-isolation properties;intuitive H∞ minimization problem;linear matrix inequalities;linear time invariant systems;quadratic Lyapunov function;relaxed LMI approach;synthesis technique;ultimate boundedness notion;Asymptotic stability;Fault detection;Linear matrix inequalities;Observers;Optimization;Robustness;Uncertainty},
  doi = {10.1109/ACC.2013.6580260},
  issn = {0743-1619},
  month = {June},
  review = {cita um artigo com o nome do software no título},
  really_refers_to_software = {no},
}

@inproceedings{Tufano:2016:EIN:2970276.2970340,
  author = {Tufano, Michele and Palomba, Fabio and Bavota, Gabriele and Di Penta, Massimiliano and Oliveto, Rocco and De Lucia, Andrea and Poshyvanyk, Denys},
  title = {An Empirical Investigation into the Nature of Test Smells},
  booktitle = {Proceedings of the 31st IEEE/ACM International Conference on Automated Software Engineering},
  series = {ASE 2016},
  year = {2016},
  isbn = {978-1-4503-3845-5},
  location = {Singapore, Singapore},
  pages = {4--15},
  numpages = {12},
  url = {http://doi.acm.org/10.1145/2970276.2970340},
  doi = {10.1145/2970276.2970340},
  acmid = {2970340},
  publisher = {ACM},
  address = {New York, NY, USA},
  keywords = {Mining Software Repositories, Software Evolution, Test Smells},
  review = {apenas cita o artigo que publicou o software},
  really_refers_to_software = {no},
}

