@inproceedings{Grechanik:2007:FEC:1321631.1321671,
  author = {Grechanik, Mark},
  title = {Finding Errors in Components That Exchange Xml Data},
  booktitle = {Proceedings of the Twenty-second IEEE/ACM International Conference on Automated Software Engineering},
  series = {ASE '07},
  year = {2007},
  isbn = {978-1-59593-882-4},
  location = {Atlanta, Georgia, USA},
  pages = {264--273},
  numpages = {10},
  url = {http://doi.acm.org/10.1145/1321631.1321671},
  doi = {10.1145/1321631.1321671},
  acmid = {1321671},
  publisher = {ACM},
  address = {New York, NY, USA},
  keywords = {XML schema, bisimulation, interoperability, program analysis, schema validator, symbolic execution},
  review={cita o nome do software num contexto não relacionado ao software},
  really_refers_to_software={no},
}

@inproceedings{Rupprecht:2016:PID:2976749.2989041,
  author = {Rupprecht, Thomas and Chen, Xi and White, David H. and M\"{u}hlberg, Jan Tobias and Bos, Herbert and L\"{u}ttgen, Gerald},
  title = {POSTER: Identifying Dynamic Data Structures in Malware},
  booktitle = {Proceedings of the 2016 ACM SIGSAC Conference on Computer and Communications Security},
  series = {CCS '16},
  year = {2016},
  isbn = {978-1-4503-4139-4},
  location = {Vienna, Austria},
  pages = {1772--1774},
  numpages = {3},
  url = {http://doi.acm.org/10.1145/2976749.2989041},
  doi = {10.1145/2976749.2989041},
  acmid = {2989041},
  publisher = {ACM},
  address = {New York, NY, USA},
  keywords = {data structure identification, malware, program signatures, reverse engineering},
  review={não faz referência ao nome do software},
  really_refers_to_software={no},
}

@Article{2004:1026474,
  journal = {SIGPLAN Not.},
  year = {2004},
  issn = {0362-1340},
  volume = {39},
  number = {8},
  issue_date = {August 2004},
  publisher = {ACM},
  address = {New York, NY, USA},
  key = {{$\!\!$}} ,
  review={resultado da busca sem titulo, numero doi, autor, etc},
  really_refers_to_software={no},
}

@article{Caballero:2016:TIE:2891449.2896499,
  author = {Caballero, Juan and Lin, Zhiqiang},
  title = {Type Inference on Executables},
  journal = {ACM Comput. Surv.},
  issue_date = {May 2016},
  volume = {48},
  number = {4},
  month = may,
  year = {2016},
  issn = {0360-0300},
  pages = {65:1--65:35},
  articleno = {65},
  numpages = {35},
  url = {http://doi.acm.org/10.1145/2896499},
  doi = {10.1145/2896499},
  acmid = {2896499},
  publisher = {ACM},
  address = {New York, NY, USA},
  keywords = {Type inference, binary code analysis, program executables},
  review={cita o nome do software num contexto não relacionado ao software},
  really_refers_to_software={no},
}

@article{Allen:1982:IDS:356876.356882,
  author = {Allen, Frank W. and Loomis, Mary E. S. and Mannino, Michael V.},
  title = {The Integrated Dictionary/Directory System},
  journal = {ACM Comput. Surv.},
  issue_date = {June 1982},
  volume = {14},
  number = {2},
  month = jun,
  year = {1982},
  issn = {0360-0300},
  pages = {245--286},
  numpages = {42},
  url = {http://doi.acm.org/10.1145/356876.356882},
  doi = {10.1145/356876.356882},
  acmid = {356882},
  publisher = {ACM},
  address = {New York, NY, USA},
  review={cita o nome do software num contexto não relacionado ao software},
  really_refers_to_software={no},
}

@inproceedings{Grechanik:2007:FEI:1270232.1270282,
  author = {Grechanik, Mark},
  title = {Finding Errors in Interoperating Components},
  booktitle = {Proceedings of the Second International Workshop on Incorporating COTS Software into Software Systems: Tools and Techniques},
  series = {IWICSS '07},
  year = {2007},
  isbn = {0-7695-2966-6},
  pages = {3--},
  url = {http://dx.doi.org/10.1109/IWICSS.2007.5},
  doi = {10.1109/IWICSS.2007.5},
  acmid = {1270282},
  publisher = {IEEE Computer Society},
  address = {Washington, DC, USA},
  review={cita o nome do software num contexto não relacionado ao software},
  really_refers_to_software={no},
}

@inproceedings{Ullah:2015:PDP:2837476.2837478,
  author = {Ullah, Faheem and Gross, Thomas R.},
  title = {Profiling for Detecting Performance Anomalies in Concurrent Software},
  booktitle = {Proceedings of the 2Nd International Workshop on Software Engineering for Parallel Systems},
  series = {SEPS 2015},
  year = {2015},
  isbn = {978-1-4503-3910-0},
  location = {Pittsburgh, PA, USA},
  pages = {11--20},
  numpages = {10},
  url = {http://doi.acm.org/10.1145/2837476.2837478},
  doi = {10.1145/2837476.2837478},
  acmid = {2837478},
  publisher = {ACM},
  address = {New York, NY, USA},
  keywords = {Dynamic binary instrumentation, Localisation, Measurement, Parallel programming, Performance bugs, Profiling, Software defects},
  review={não faz referência ao nome do software},
  really_refers_to_software={no},
}

@inproceedings{Anger:2014:AMI:2688361.2688367,
  author = {Anger, Eric and Yalamanchili, Sudhakar and Pakin, Scott and McCormick, Patrick},
  title = {Architecture-independent Modeling of Intra-node Data Movement},
  booktitle = {Proceedings of the 2014 LLVM Compiler Infrastructure in HPC},
  series = {LLVM-HPC '14},
  year = {2014},
  isbn = {978-1-4799-7023-0},
  location = {New Orleans, Louisiana},
  pages = {29--39},
  numpages = {11},
  url = {http://dx.doi.org/10.1109/LLVM-HPC.2014.6},
  doi = {10.1109/LLVM-HPC.2014.6},
  acmid = {2688367},
  publisher = {IEEE Press},
  address = {Piscataway, NJ, USA},
  review={não faz referência ao nome do software},
  really_refers_to_software={no},
}

@article{Cooprider:2007:OCO:1273442.1250776,
  author = {Cooprider, Nathan Dean and Regehr, John David},
  title = {Offline Compression for On-chip Ram},
  journal = {SIGPLAN Not.},
  issue_date = {June 2007},
  volume = {42},
  number = {6},
  month = jun,
  year = {2007},
  issn = {0362-1340},
  pages = {363--372},
  numpages = {10},
  url = {http://doi.acm.org/10.1145/1273442.1250776},
  doi = {10.1145/1273442.1250776},
  acmid = {1250776},
  publisher = {ACM},
  address = {New York, NY, USA},
  keywords = {TinyOS, data compression, embedded software, memory optimization, sensor networks, static analysis},
  review={não faz referência ao nome do software},
  really_refers_to_software={no},
}

@inproceedings{Cooprider:2007:OCO:1250734.1250776,
  author = {Cooprider, Nathan Dean and Regehr, John David},
  title = {Offline Compression for On-chip Ram},
  booktitle = {Proceedings of the 28th ACM SIGPLAN Conference on Programming Language Design and Implementation},
  series = {PLDI '07},
  year = {2007},
  isbn = {978-1-59593-633-2},
  location = {San Diego, California, USA},
  pages = {363--372},
  numpages = {10},
  url = {http://doi.acm.org/10.1145/1250734.1250776},
  doi = {10.1145/1250734.1250776},
  acmid = {1250776},
  publisher = {ACM},
  address = {New York, NY, USA},
  keywords = {TinyOS, data compression, embedded software, memory optimization, sensor networks, static analysis},
  review={item duplicado},
  really_refers_to_software={no},
}

@inproceedings{White:2016:DEA:2931037.2931071,
  author = {White, David H. and Rupprecht, Thomas and L\"{u}ttgen, Gerald},
  title = {DSI: An Evidence-based Approach to Identify Dynamic Data Structures in C Programs},
  booktitle = {Proceedings of the 25th International Symposium on Software Testing and Analysis},
  series = {ISSTA 2016},
  year = {2016},
  isbn = {978-1-4503-4390-9},
  location = {Saarbr\&\#252;cken, Germany},
  pages = {259--269},
  numpages = {11},
  url = {http://doi.acm.org/10.1145/2931037.2931071},
  doi = {10.1145/2931037.2931071},
  acmid = {2931071},
  publisher = {ACM},
  address = {New York, NY, USA},
  keywords = {Data structure identification, dynamic data structures, pointer programs, program comprehension},
  review={não faz referência ao nome do software},
  really_refers_to_software={no},
}

@inproceedings{Wires:2014:CSW:2685048.2685075,
  author = {Wires, Jake and Ingram, Stephen and Drudi, Zachary and Harvey, Nicholas J. A. and Warfield, Andrew},
  title = {Characterizing Storage Workloads with Counter Stacks},
  booktitle = {Proceedings of the 11th USENIX Conference on Operating Systems Design and Implementation},
  series = {OSDI'14},
  year = {2014},
  isbn = {978-1-931971-16-4},
  location = {Broomfield, CO},
  pages = {335--349},
  numpages = {15},
  url = {http://dl.acm.org/citation.cfm?id=2685048.2685075},
  acmid = {2685075},
  publisher = {USENIX Association},
  address = {Berkeley, CA, USA},
  review={não faz referência ao nome do software},
  really_refers_to_software={no},
}

@article{Ding:2002:CRM:773039.773040,
  author = {Ding, Chen and Zhong, Yutao},
  title = {Compiler-directed Run-time Monitoring of Program Data Access},
  journal = {SIGPLAN Not.},
  issue_date = {February 2003},
  volume = {38},
  number = {2 supplement},
  month = jun,
  year = {2002},
  issn = {0362-1340},
  pages = {1--12},
  numpages = {12},
  url = {http://doi.acm.org/10.1145/773039.773040},
  doi = {10.1145/773039.773040},
  acmid = {773040},
  publisher = {ACM},
  address = {New York, NY, USA},
  review={não faz referência ao nome do software},
  really_refers_to_software={no},
}

@inproceedings{Ding:2002:CRM:773146.773040,
  author = {Ding, Chen and Zhong, Yutao},
  title = {Compiler-directed Run-time Monitoring of Program Data Access},
  booktitle = {Proceedings of the 2002 Workshop on Memory System Performance},
  series = {MSP '02},
  year = {2002},
  location = {Berlin, Germany},
  pages = {1--12},
  numpages = {12},
  url = {http://doi.acm.org/10.1145/773146.773040},
  doi = {10.1145/773146.773040},
  acmid = {773040},
  publisher = {ACM},
  address = {New York, NY, USA},
  review={item duplicado},
  really_refers_to_software={no},
}

@inproceedings{Pustogarov:2017:UPA:3052973.3053038,
  author = {Pustogarov, Ivan and Ristenpart, Thomas and Shmatikov, Vitaly},
  title = {Using Program Analysis to Synthesize Sensor Spoofing Attacks},
  booktitle = {Proceedings of the 2017 ACM on Asia Conference on Computer and Communications Security},
  series = {ASIA CCS '17},
  year = {2017},
  isbn = {978-1-4503-4944-4},
  location = {Abu Dhabi, United Arab Emirates},
  pages = {757--770},
  numpages = {14},
  url = {http://doi.acm.org/10.1145/3052973.3053038},
  doi = {10.1145/3052973.3053038},
  acmid = {3053038},
  publisher = {ACM},
  address = {New York, NY, USA},
  keywords = {embedded systems, signal spoofing, symbolic execution},
  review={cita o nome do software num contexto não relacionado ao software},
  really_refers_to_software={no},
}

@inproceedings{Padhye:2017:TRD:3097368.3097425,
  author = {Padhye, Rohan and Sen, Koushik},
  title = {Travioli: A Dynamic Analysis for Detecting Data-structure Traversals},
  booktitle = {Proceedings of the 39th International Conference on Software Engineering},
  series = {ICSE '17},
  year = {2017},
  isbn = {978-1-5386-3868-2},
  location = {Buenos Aires, Argentina},
  pages = {473--483},
  numpages = {11},
  url = {https://doi.org/10.1109/ICSE.2017.50},
  doi = {10.1109/ICSE.2017.50},
  acmid = {3097425},
  publisher = {IEEE Press},
  address = {Piscataway, NJ, USA},
  review={não faz referência ao nome do software},
  really_refers_to_software={no},
}

@inproceedings{Liang:2010:DEP:1869459.1869494,
  author = {Liang, Percy and Tripp, Omer and Naik, Mayur and Sagiv, Mooly},
  title = {A Dynamic Evaluation of the Precision of Static Heap Abstractions},
  booktitle = {Proceedings of the ACM International Conference on Object Oriented Programming Systems Languages and Applications},
  series = {OOPSLA '10},
  year = {2010},
  isbn = {978-1-4503-0203-6},
  location = {Reno/Tahoe, Nevada, USA},
  pages = {411--427},
  numpages = {17},
  url = {http://doi.acm.org/10.1145/1869459.1869494},
  doi = {10.1145/1869459.1869494},
  acmid = {1869494},
  publisher = {ACM},
  address = {New York, NY, USA},
  keywords = {concurrency, dynamic analysis, heap abstractions, static analysis},
  review={não faz referência ao nome do software},
  really_refers_to_software={no},
}

@article{Liang:2010:DEP:1932682.1869494,
  author = {Liang, Percy and Tripp, Omer and Naik, Mayur and Sagiv, Mooly},
  title = {A Dynamic Evaluation of the Precision of Static Heap Abstractions},
  journal = {SIGPLAN Not.},
  issue_date = {October 2010},
  volume = {45},
  number = {10},
  month = oct,
  year = {2010},
  issn = {0362-1340},
  pages = {411--427},
  numpages = {17},
  url = {http://doi.acm.org/10.1145/1932682.1869494},
  doi = {10.1145/1932682.1869494},
  acmid = {1869494},
  publisher = {ACM},
  address = {New York, NY, USA},
  keywords = {concurrency, dynamic analysis, heap abstractions, static analysis},
  review={item duplicado},
  really_refers_to_software={no},
}

@inproceedings{Lattner:2007:MCP:1250734.1250766,
  author = {Lattner, Chris and Lenharth, Andrew and Adve, Vikram},
  title = {Making Context-sensitive Points-to Analysis with Heap Cloning Practical for the Real World},
  booktitle = {Proceedings of the 28th ACM SIGPLAN Conference on Programming Language Design and Implementation},
  series = {PLDI '07},
  year = {2007},
  isbn = {978-1-59593-633-2},
  location = {San Diego, California, USA},
  pages = {278--289},
  numpages = {12},
  url = {http://doi.acm.org/10.1145/1250734.1250766},
  doi = {10.1145/1250734.1250766},
  acmid = {1250766},
  publisher = {ACM},
  address = {New York, NY, USA},
  keywords = {context-sensitive, field-sensitive, interprocedural, pointer analysis, recursive data structure, static analysis},
  review={não faz referência ao nome do software},
  really_refers_to_software={no},
}

@article{Lattner:2007:MCP:1273442.1250766,
  author = {Lattner, Chris and Lenharth, Andrew and Adve, Vikram},
  title = {Making Context-sensitive Points-to Analysis with Heap Cloning Practical for the Real World},
  journal = {SIGPLAN Not.},
  issue_date = {June 2007},
  volume = {42},
  number = {6},
  month = jun,
  year = {2007},
  issn = {0362-1340},
  pages = {278--289},
  numpages = {12},
  url = {http://doi.acm.org/10.1145/1273442.1250766},
  doi = {10.1145/1273442.1250766},
  acmid = {1250766},
  publisher = {ACM},
  address = {New York, NY, USA},
  keywords = {context-sensitive, field-sensitive, interprocedural, pointer analysis, recursive data structure, static analysis},
  review={item duplicado},
  really_refers_to_software={no},
}

@inproceedings{Titzer:2007:VOL:1289881.1289914,
  author = {Titzer, Ben L. and Palsberg, Jens},
  title = {Vertical Object Layout and Compression for Fixed Heaps},
  booktitle = {Proceedings of the 2007 International Conference on Compilers, Architecture, and Synthesis for Embedded Systems},
  series = {CASES '07},
  year = {2007},
  isbn = {978-1-59593-826-8},
  location = {Salzburg, Austria},
  pages = {170--178},
  numpages = {9},
  url = {http://doi.acm.org/10.1145/1289881.1289914},
  doi = {10.1145/1289881.1289914},
  acmid = {1289914},
  publisher = {ACM},
  address = {New York, NY, USA},
  keywords = {heap optimization, microcontrollers, object layout, pointer compression, program data compression, reference compression, vertical object layout},
  review={não faz referência ao nome do software},
  really_refers_to_software={no},
}
