@INPROCEEDINGS{6385435,
  booktitle={2012 IEEE/RSJ International Conference on Intelligent Robots and Systems},
  title={Book of abstracts},
  year={2012},
  pages={1-210},
  doi={10.1109/IROS.2012.6385435},
  ISSN={2153-0858},
  month={Oct},
  review={cita o nome do software num contexto não relacionado ao software},
  really_refers_to_software={no},
}

@INPROCEEDINGS{5581346,
  author={F. Zeng and L. Qiao and M. Liu and Z. Tang},
  booktitle={2010 IEEE 12th International Conference on High Performance Computing and Communications (HPCC)},
  title={A Novel Memory Subsystem Evaluation Framework for Chip Multiprocessors},
  year={2010},
  pages={231-238},
  keywords={digital storage;multiprocessor interconnection networks;network-on-chip;TSIM;Tsinghua simulator;cache hardware prefetcher;chip multiprocessors;memory subsystem evaluation framework;memory system protocol;network-on-chip interconnection;replacement policy},
  doi={10.1109/HPCC.2010.15},
  month={Sept},
  review={cita o nome do software num contexto não relacionado ao software},
  really_refers_to_software={no},
}

@INPROCEEDINGS{6957226,
  author={E. Park and C. Kartsaklis and J. Cavazos},
  booktitle={2014 43rd International Conference on Parallel Processing},
  title={HERCULES: Strong Patterns towards More Intelligent Predictive Modeling},
  year={2014},
  pages={172-181},
  keywords={optimising compilers;program control structures;program diagnostics;search problems;HERCULES;code features;compiler optimization;data dependency;intelligent predictive modeling;loop patterns;multicore systems;optimization combination;optimization search space;pattern-driven system;program analysis technique;program characterization techniques;static technique;Arrays;Data mining;Feature extraction;Optimization;Pattern matching;Predictive models;Radiation detectors;compiler optimization;machine learning;pattern-based program characterization;predictive modeling},
  doi={10.1109/ICPP.2014.26},
  ISSN={0190-3918},
  month={Sept},
  review={cita o nome do software num contexto não relacionado ao software},
  really_refers_to_software={no},
}

@INPROCEEDINGS{5762715,
  author={S. Bock and B. Childers and R. Melhem and D. Mossé and Y. Zhang},
  booktitle={(IEEE ISPASS) IEEE International Symposium on Performance Analysis of Systems and Software},
  title={Analyzing the impact of useless write-backs on the endurance and energy consumption of PCM main memory},
  year={2011},
  pages={56-65},
  keywords={DRAM chips;phase change memories;power aware computing;DRAM main memory;PCM main memory;dead memory region;dirty cache line;endurance consumption;energy consumption;phase change memory;Data structures;Energy consumption;Instruments;Memory management;Phase change materials;Random access memory},
  doi={10.1109/ISPASS.2011.5762715},
  month={April},
  review={cita o nome do software num contexto não relacionado ao software},
  really_refers_to_software={no},
}

@INPROCEEDINGS{4400373,
  author={M. B. Radulovic and M. V. Tomasevic},
  booktitle={EUROCON 2007 - The International Conference on "Computer as a Tool"},
  title={Towards an Improved Integrated Coherence and Speculation Protocol},
  year={2007},
  pages={405-412},
  keywords={microprocessor chips;multi-threading;protocols;bursty network traffic;hardware-software overhead;integrated coherence speculation protocol;speculative chip multiprocessors;thread level speculation;thread replacement policy;Application software;Collaborative software;Computer architecture;Delay;Hardware;Proposals;Protocols;Registers;Static VAr compensators;Yarn;coherence protocols;single chip multiprocessors;thread-level speculation},
  doi={10.1109/EURCON.2007.4400373},
  month={Sept},
  review={cita o nome do software num contexto não relacionado ao software},
  really_refers_to_software={no},
}

@INPROCEEDINGS{1291361,
  author={I. Chihaia and T. Gross},
  booktitle={IEEE International Symposium on - ISPASS Performance Analysis of Systems and Software, 2004},
  title={Effectiveness of simple memory models for performance prediction},
  year={2004},
  pages={98-105},
  keywords={benchmark testing;memory architecture;software performance evaluation;CHARMM;Chemistry at HARvard Molecular Mechanics;application execution time estimation;application performance prediction;continuous accesses;continuous memory accesses;irregular application;memory access types;memory system performance;micro-benchmarking;performance estimates;random accesses;regular application;simple memory models;stride memory accesses;Analytical models;Application software;Chemistry;Computational efficiency;Computational modeling;Kernel;Modems;Predictive models;Runtime;Systems engineering and theory},
  doi={10.1109/ISPASS.2004.1291361},
  month={},
  review={cita o nome do software num contexto não relacionado ao software},
  really_refers_to_software={no},
}

@INPROCEEDINGS{7985686,
  author={R. Padhye and K. Sen},
  booktitle={2017 IEEE/ACM 39th International Conference on Software Engineering (ICSE)},
  title={Travioli: A Dynamic Analysis for Detecting Data-Structure Traversals},
  year={2017},
  pages={473-483},
  keywords={Arrays;Computer bugs;Data visualization;Lenses;Performance analysis;Reactive power},
  doi={10.1109/ICSE.2017.50},
  month={May},
  review={não faz referência ao nome do software},
  really_refers_to_software={no},
}

@INPROCEEDINGS{6267930,
  author={Q. Niu and J. Dinan and Q. Lu and P. Sadayappan},
  booktitle={2012 IEEE 26th International Parallel and Distributed Processing Symposium},
  title={PARDA: A Fast Parallel Reuse Distance Analysis Algorithm},
  year={2012},
  pages={1284-1294},
  keywords={cache storage;parallel processing;PARDA;SPEC CPU 2006 benchmark suite;cache size upper bound;data cache locality characterization;memory address trace analysis;parallel reuse distance analysis algorithm;stack histogram model;tunable parameter;Algorithm design and analysis;Analytical models;Arrays;Histograms;Optimization;Parallel algorithms;Program processors;Caching;Data Locality;LRU Stack Distance;Performance Analysis;Reuse Distance},
  doi={10.1109/IPDPS.2012.117},
  ISSN={1530-2075},
  month={May},
  review={cita o nome do software num contexto não relacionado ao software},
  really_refers_to_software={no},
}

@INPROCEEDINGS{5601848,
  author={A. Ketterlin and P. Clauss},
  booktitle={2010 10th IEEE Working Conference on Source Code Analysis and Manipulation},
  title={Recovering the Memory Behavior of Executable Programs},
  year={2010},
  pages={189-198},
  keywords={data flow analysis;program control structures;storage allocation;storage management;binary analysis;control flow graph;data flow analysis;executable program;formal model;lightweight instrumentation strategy;linear expression;loop counter;loop structure;machine registers;memory access;memory recovey;program symbolic description;quantitative evaluation;static analysis;static single assignment;Analytical models;Benchmark testing;Binary codes;Instruments;Optimization;Radiation detectors;Registers;binary analysis;memory accesses;modeling;profiling;static single assignment form},
  doi={10.1109/SCAM.2010.18},
  month={Sept},
  review={mesmo artigo selecionado na revisão estruturada},
  really_refers_to_software={yes},
  contribution_weight={1},
  step={structured-review},
}

@INPROCEEDINGS{4636098,
  author={A. Ruiz-Alvarez and K. Hazelwood},
  booktitle={2008 IEEE International Symposium on Workload Characterization},
  title={Evaluating the impact of dynamic binary translation systems on hardware cache performance},
  year={2008},
  pages={131-140},
  keywords={cache storage;program interpreters;software performance evaluation;DynamoRIO;Pin;dynamic binary translation systems;hardware cache performance;program instrumentation;software code cache;Analytical models;Application software;Counting circuits;Degradation;Hardware;Instruments;Microarchitecture;Performance analysis;Performance evaluation;Security},
  doi={10.1109/IISWC.2008.4636098},
  month={Sept},
  review={não faz referência ao nome do software},
  really_refers_to_software={no},
}

@INPROCEEDINGS{6671278,
  author={I. Haller and A. Slowinska and H. Bos},
  booktitle={2013 20th Working Conference on Reverse Engineering (WCRE)},
  title={MemPick: High-level data structure detection in C/C++ binaries},
  year={2013},
  pages={32-41},
  keywords={C++ language;data structures;pattern classification;C-C++ binaries;MemPick;high-level data structure classification;high-level data structure detection;low-level programming constructs;memory objects;stripped binaries;Binary trees;Libraries;Resource management;Reverse engineering;Shape;Vegetation},
  doi={10.1109/WCRE.2013.6671278},
  ISSN={1095-1350},
  month={Oct},
  review={não faz referência ao nome do software},
  really_refers_to_software={no},
}

@INPROCEEDINGS{4273229,
  author={M. Grechanik},
  booktitle={Incorporating COTS Software into Software Systems: Tools and Techniques, 2007. IWICSS '07. Second International Workshop on},
  title={Finding Errors in Interoperating Components},
  year={2007},
  pages={3-3},
  keywords={XML;electronic data interchange;formal verification;object-oriented programming;open systems;source coding;Viola;XML data;abstract programs;error checking algorithm;exchange data;interoperating components;logic faults;open source;source code;Costs;Data analysis;Delay effects;Logic testing;Packaging;Programming profession;Runtime;Software packages;System testing;XML},
  doi={10.1109/IWICSS.2007.5},
  month={May},
  review={cita o nome do software num contexto não relacionado ao software},
  really_refers_to_software={no},
}

@INPROCEEDINGS{5409926,
  author={M. Gauger and P. J. Marrón and C. Niedermeier},
  booktitle={2009 Sixth International Conference on Networked Sensing Systems (INSS)},
  title={TinyModules: Code module exchange in TinyOS},
  year={2009},
  pages={1-8},
  keywords={operating systems (computers);telecommunication computing;wireless sensor networks;TinyModules;TinyOS;code module exchange;code update mechanism;sensor nodes;wireless sensor network;Cost function;Energy consumption;Image sensors;Interference;Operating systems;Telecommunication traffic;Wireless sensor networks},
  doi={10.1109/INSS.2009.5409926},
  month={June},
  review={cita um tal MSP-GCC, n tenho certeza de ser o MSP},
  really_refers_to_software={yes},
  contribution_weight={0},
  weightless_contributions={MSP-GCC},
}

@INPROCEEDINGS{1631121,
  author={S. Pheng and C. Verbrugge},
  booktitle={14th IEEE International Conference on Program Comprehension (ICPC'06)},
  title={Dynamic Data Structure Analysis for Java Programs},
  year={2006},
  pages={191-201},
  keywords={Java;data structures;program diagnostics;reverse engineering;storage management;Java program;dynamic data structure analysis;execution trace;garbage collection;heap-based data structure;object-oriented language;program understanding;static analysis;Computer science;Data analysis;Data structures;Data visualization;Debugging;Information analysis;Java;Mirrors;Runtime;Shape},
  doi={10.1109/ICPC.2006.20},
  ISSN={1092-8138},
  month={},
  review={não faz referência ao nome do software},
  really_refers_to_software={no},
}

@INPROCEEDINGS{1633516,
  author={D. Dhurjati and V. Adve},
  booktitle={International Conference on Dependable Systems and Networks (DSN'06)},
  title={Efficiently Detecting All Dangling Pointer Uses in Production Servers},
  year={2006},
  pages={269-280},
  keywords={paged storage;software reusability;storage allocation;automatic pool allocation;compiler transformation;memory allocation;page protection mechanism;physical memory usage;pointer detection;production server;virtual address space exhaustion;virtual page;Buffer overflow;Debugging;Electric fences;Embedded software;Embedded system;Engineering profession;Production;Protection;Runtime;Software performance},
  doi={10.1109/DSN.2006.31},
  ISSN={1530-0889},
  month={June},
  review={não faz referência ao nome do software},
  really_refers_to_software={no},
}

@ARTICLE{4079516,
  author={Y. Zhong and S. G. Dropsho and X. Shen and A. Studer and C. Ding},
  journal={IEEE Transactions on Computers},
  title={Miss Rate Prediction Across Program Inputs and Cache Configurations},
  year={2007},
  volume={56},
  number={3},
  pages={328-343},
  keywords={cache storage;data structures;data visualisation;program compilers;array data structure;cache memory;cache miss rate prediction;compiler transformation;floating-point program;integer program;interactive visualization tool;locality analysis;pointer-based data structure;program data size;Cache memories;compilers;modeling techniques;optimization.;performance analysis and design aids},
  doi={10.1109/TC.2007.50},
  ISSN={0018-9340},
  month={March},
  review={cita o nome do software num contexto não relacionado ao software},
  really_refers_to_software={no},
}

@INPROCEEDINGS{4663796,
  author={J. Cavazos},
  booktitle={2008 IEEE International Conference on Cluster Computing},
  title={Intelligent compilers},
  year={2008},
  pages={360-368},
  keywords={microprocessor chips;program compilers;software portability;computer systems;intelligent compilers;multicore hardware design choices;multicore processors;petascale computing systems;Application software;Clocks;Computer architecture;Computer industry;Embedded computing;Hardware;Multicore processing;Optimizing compilers;Prototypes;Software performance},
  doi={10.1109/CLUSTR.2008.4663796},
  ISSN={1552-5244},
  month={Sept},
  review={cita o nome do software num contexto não relacionado ao software},
  really_refers_to_software={no},
}

@INPROCEEDINGS{7081839,
  author={V. Singh and R. Gupta and I. Neamtiu},
  booktitle={2015 IEEE 22nd International Conference on Software Analysis, Evolution, and Reengineering (SANER)},
  title={MG++: Memory graphs for analyzing dynamic data structures},
  year={2015},
  pages={291-300},
  keywords={data structures;program debugging;source code (software);storage management;MG++;binary instrumentation-based algorithm;dynamically allocated data structures;fault location;heap buffer overflow attacks;in-program memory management;memory allocator functions;memory graph construction algorithm;memory graph representation;program debugging;source code statements;symbol table information;Data structures;Debugging;Fault location;History;Instruments;Memory management;Runtime;buffer overflow attacks;evolution history;fault location;memory allocator history;memory graph},
  doi={10.1109/SANER.2015.7081839},
  ISSN={1534-5351},
  month={March},
  review={não faz referência ao nome do software},
  really_refers_to_software={no},
}

@ARTICLE{7762037,
  author={G. Tagliavini and D. Rossi and A. Marongiu and L. Benini},
  journal={IEEE Transactions on Computer-Aided Design of Integrated Circuits and Systems},
  title={Synergistic HW/SW Approximation Techniques for Ultra-Low-Power Parallel Computing},
  year={2017},
  volume={PP},
  number={99},
  pages={1-1},
  keywords={Approximate computing;Energy consumption;Hardware;Low voltage;Parallel processing;Random access memory;Standards;Approximation algorithms;Low-power electronics;Memory architecture;Multicore processing;Parallel programming},
  doi={10.1109/TCAD.2016.2633474},
  ISSN={0278-0070},
  month={},
  review={cita o nome do software num contexto não relacionado ao software},
  really_refers_to_software={no},
}

@INPROCEEDINGS{5644905,
  author={M. Burtscher and B. D. Kim and J. Diamond and J. McCalpin and L. Koesterke and J. Browne},
  booktitle={2010 ACM/IEEE International Conference for High Performance Computing, Networking, Storage and Analysis},
  title={PerfExpert: An Easy-to-Use Performance Diagnosis Tool for HPC Applications},
  year={2010},
  pages={1-11},
  keywords={optimisation;parallel machines;program compilers;user interfaces;HPC applications;PerfExpert;Ranger supercomputer;compiler switches;multicore compute nodes;multisocket compute nodes;performance diagnosis tool;performance optimization;sophisticated analysis engine;user interface;Optimization;Radiation detectors;Runtime;Semiconductor device measurement;Supercomputers;Upper bound},
  doi={10.1109/SC.2010.41},
  ISSN={2167-4329},
  month={Nov},
  review={cita o nome do software num contexto não relacionado ao software},
  really_refers_to_software={no},
}
