@INPROCEEDINGS{5070537,
  author={C. Zhang},
  booktitle={2009 IEEE 31st International Conference on Software Engineering},
  title={FlexSync: An aspect-oriented approach to Java synchronization},
  year={2009},
  pages={375-385},
  keywords={Java;object-oriented programming;optimisation;Java synchronization;aspect-oriented approach;concurrent program;nonmodular implementation;optimization;Buffer storage;Buildings;Concurrent computing;Data structures;Delay;Fluctuations;Information retrieval;Java;Software libraries;Yarn},
  doi={10.1109/ICSE.2009.5070537},
  ISSN={0270-5257},
  month={May},
  review={implementa uma nova ferramenta usando o software Indus como base},
  really_refers_to_software={yes},
  contribution_weight={0.25},
}

@INPROCEEDINGS{4026850,
  author={V. P. Ranganath and J. Hatcliff},
  booktitle={2006 Sixth IEEE International Workshop on Source Code Analysis and Manipulation},
  title={An Overview of the Indus Framework for Analysis and Slicing of Concurrent Java Software (Keynote Talk - Extended Abstract)},
  year={2006},
  pages={3-7},
  keywords={Application software;Concurrent computing;Displays;Graphical user interfaces;Information analysis;Java;Robustness;Software debugging;Software maintenance;Software testing},
  doi={10.1109/SCAM.2006.3},
  month={Sept},
  review={é o mesmo artigo que publicou o software},
  really_refers_to_software={yes},
  contribution_weight={1},
  step={structured-review},
}

@INPROCEEDINGS{6462726,
  author={X. Wu and J. Wei and X. Wang},
  booktitle={2012 19th Asia-Pacific Software Engineering Conference},
  title={Debug Concurrent Programs with Visualization and Inference of Event Structure},
  year={2012},
  volume={1},
  pages={683-692},
  keywords={Java;concurrency control;program debugging;program diagnostics;program visualisation;public domain software;Bandera;Indus;JESVisT tool;Java event structure visualization tool;Java program;bug report;concurrency bug;concurrent program;concurrent system;debugging method;debugging technique;event structure model;failure reproduction cost;graph visualization;open-source project;postmortem debugging;program behavior;slicing technique;static analysis;Computer bugs;Concurrent computing;Debugging;Java;Software;Testing;Visualization;Debug;concurrent programs;event structure;visualization},
  doi={10.1109/APSEC.2012.134},
  ISSN={1530-1362},
  month={Dec},
  review={publica uma ferramenta JESVisT usando Bandera e Indus, cita dois artigos nas referencias sobre o software Indus},
  really_refers_to_software={yes},
  contribution_weight={0.25},
}

@ARTICLE{933434,
  author={P. de Sousa},
  journal={IEEE Communications Magazine},
  title={Report on the 1ST 2000: the information society technologies event},
  year={2001},
  volume={39},
  number={7},
  pages={58-59},
  keywords={Bandwidth;Clouds;Communications technology;Educational institutions;Ethernet networks;Guidelines;IP networks;Next generation networking;Technological innovation;Web and internet services},
  doi={10.1109/MCOM.2001.933434},
  ISSN={0163-6804},
  month={Jul},
  review={não faz referência ao nome do software},
  really_refers_to_software={no},
}
