@inproceedings{Daniel:2011:RTR:1985793.1985978,
  author = {Daniel, Brett and Dig, Danny and Gvero, Tihomir and Jagannath, Vilas and Jiaa, Johnston and Mitchell, Damion and Nogiec, Jurand and Tan, Shin Hwei and Marinov, Darko},
  title = {ReAssert: A Tool for Repairing Broken Unit Tests},
  booktitle = {Proceedings of the 33rd International Conference on Software Engineering},
  series = {ICSE '11},
  year = {2011},
  isbn = {978-1-4503-0445-0},
  location = {Waikiki, Honolulu, HI, USA},
  pages = {1010--1012},
  numpages = {3},
  url = {http://doi.acm.org/10.1145/1985793.1985978},
  doi = {10.1145/1985793.1985978},
  acmid = {1985978},
  publisher = {ACM},
  address = {New York, NY, USA},
  keywords = {reassert, test repair, testing tools, unit testing},
  review={autores do software, apresentam, publicam o software neste artigo},
  really_refers_to_software={yes},
}

@inproceedings{Daniel:2009:RSR:1747491.1747538,
  author = {Daniel, Brett and Jagannath, Vilas and Dig, Danny and Marinov, Darko},
  title = {ReAssert: Suggesting Repairs for Broken Unit Tests},
  booktitle = {Proceedings of the 2009 IEEE/ACM International Conference on Automated Software Engineering},
  series = {ASE '09},
  year = {2009},
  isbn = {978-0-7695-3891-4},
  pages = {433--444},
  numpages = {12},
  url = {http://dx.doi.org/10.1109/ASE.2009.17},
  doi = {10.1109/ASE.2009.17},
  acmid = {1747538},
  publisher = {IEEE Computer Society},
  address = {Washington, DC, USA},
  keywords = {Software testing, Software maintenance, Software tools, Software test maintenance},
  review={mesmo artigo selecionado na revisão estruturada},
  really_refers_to_software={no},
}

@inproceedings{Daniel:2010:TRU:1831708.1831734,
  author = {Daniel, Brett and Gvero, Tihomir and Marinov, Darko},
  title = {On Test Repair Using Symbolic Execution},
  booktitle = {Proceedings of the 19th International Symposium on Software Testing and Analysis},
  series = {ISSTA '10},
  year = {2010},
  isbn = {978-1-60558-823-0},
  location = {Trento, Italy},
  pages = {207--218},
  numpages = {12},
  url = {http://doi.acm.org/10.1145/1831708.1831734},
  doi = {10.1145/1831708.1831734},
  acmid = {1831734},
  publisher = {ACM},
  address = {New York, NY, USA},
  keywords = {pex, reassert, symbolic execution, symbolic test repair, test repair},
  review={avalia o software, o software é um trabalho anterior},
  really_refers_to_software={yes},
}

@inproceedings{Dig:2013:ITR:2542128.2542132,
  author = {Dig, Danny},
  title = {Invited Talk on Refactoring: From Concurrency to Mobility},
  booktitle = {Proceedings of the 2013 ACM Workshop on Mobile Development Lifecycle},
  series = {MobileDeLi '13},
  year = {2013},
  isbn = {978-1-4503-2603-2},
  location = {Indianapolis, Indiana, USA},
  pages = {15--16},
  numpages = {2},
  url = {http://doi.acm.org/10.1145/2542128.2542132},
  doi = {10.1145/2542128.2542132},
  acmid = {2542132},
  publisher = {ACM},
  address = {New York, NY, USA},
  keywords = {concurrency, mobility, program analysis, refactoring},
  review={cita o artigo selecionado na revisão estruturada},
  really_refers_to_software={no},
}

@inproceedings{Mirzaaghaei:2011:ATS:2025113.2025172,
  author = {Mirzaaghaei, Mehdi},
  title = {Automatic Test Suite Evolution},
  booktitle = {Proceedings of the 19th ACM SIGSOFT Symposium and the 13th European Conference on Foundations of Software Engineering},
  series = {ESEC/FSE '11},
  year = {2011},
  isbn = {978-1-4503-0443-6},
  location = {Szeged, Hungary},
  pages = {396--399},
  numpages = {4},
  url = {http://doi.acm.org/10.1145/2025113.2025172},
  doi = {10.1145/2025113.2025172},
  acmid = {2025172},
  publisher = {ACM},
  address = {New York, NY, USA},
  keywords = {automated testing process, software evo- lution, test case generation, test case maintenance},
  review={cita o software como exemplo de técnica para reparo de caasos de teste},
  really_refers_to_software={yes},
}

@inproceedings{Mujumdar:2011:CSP:1979742.1979802,
  author = {Mujumdar, Dhawal and Kallenbach, Manuel and Liu, Brandon and Hartmann, Bj\"{o}rn},
  title = {Crowdsourcing Suggestions to Programming Problems for Dynamic Web Development Languages},
  booktitle = {CHI '11 Extended Abstracts on Human Factors in Computing Systems},
  series = {CHI EA '11},
  year = {2011},
  isbn = {978-1-4503-0268-5},
  location = {Vancouver, BC, Canada},
  pages = {1525--1530},
  numpages = {6},
  url = {http://doi.acm.org/10.1145/1979742.1979802},
  doi = {10.1145/1979742.1979802},
  acmid = {1979802},
  publisher = {ACM},
  address = {New York, NY, USA},
  keywords = {debugging, recommender systems, test-driven development},
  review={compara o software com o Crowd::Debug},
  really_refers_to_software={yes},
}

@inproceedings{Dig:2016:CVC:2889160.2889208,
  author = {Dig, Danny and Johnson, Ralph and Marinov, Darko and Bailey, Brian and Batory, Don},
  title = {COPE: Vision for a Change-oriented Programming Environment},
  booktitle = {Proceedings of the 38th International Conference on Software Engineering Companion},
  series = {ICSE '16},
  year = {2016},
  isbn = {978-1-4503-4205-6},
  location = {Austin, Texas},
  pages = {773--776},
  numpages = {4},
  url = {http://doi.acm.org/10.1145/2889160.2889208},
  doi = {10.1145/2889160.2889208},
  acmid = {2889208},
  publisher = {ACM},
  address = {New York, NY, USA},
  review={desenvolveram o software, autores também, para automatizar transformações},
  really_refers_to_software={yes},
}

@inproceedings{Pinto:2013:TTA:2486788.2486990,
  author = {Pinto, Leandro Sales and Sinha, Saurabh and Orso, Alessandro},
  title = {TestEvol: A Tool for Analyzing Test-suite Evolution},
  booktitle = {Proceedings of the 2013 International Conference on Software Engineering},
  series = {ICSE '13},
  year = {2013},
  isbn = {978-1-4673-3076-3},
  location = {San Francisco, CA, USA},
  pages = {1303--1306},
  numpages = {4},
  url = {http://dl.acm.org/citation.cfm?id=2486788.2486990},
  acmid = {2486990},
  publisher = {IEEE Press},
  address = {Piscataway, NJ, USA},
  review={cita o artigo selecionado na revisão estruturada},
  really_refers_to_software={no},
}

@inproceedings{Negara:2012:DUV:2367163.2367171,
  author = {Negara, Stas and Vakilian, Mohsen and Chen, Nicholas and Johnson, Ralph E. and Dig, Danny},
  title = {Is It Dangerous to Use Version Control Histories to Study Source Code Evolution?},
  booktitle = {Proceedings of the 26th European Conference on Object-Oriented Programming},
  series = {ECOOP'12},
  year = {2012},
  isbn = {978-3-642-31056-0},
  location = {Beijing, China},
  pages = {79--103},
  numpages = {25},
  url = {http://dx.doi.org/10.1007/978-3-642-31057-7_5},
  doi = {10.1007/978-3-642-31057-7_5},
  acmid = {2367171},
  publisher = {Springer-Verlag},
  address = {Berlin, Heidelberg},
  review={cita o software como possibilidade de uso no estudo},
  really_refers_to_software={yes},
}

@inproceedings{Hobbs:2014:ICE:2597959.2597967,
  author = {Hobbs, Christopher K. and Tsang, Herbert H.},
  title = {Industry in the Classroom: Equipping Students with Real-World Experience A Reflection on the Effects of Industry Partnered Projects on Computing Education},
  booktitle = {Proceedings of the Western Canadian Conference on Computing Education},
  series = {WCCCE '14},
  year = {2014},
  isbn = {978-1-4503-2899-9},
  location = {Richmond, BC, Canada},
  pages = {7:1--7:5},
  articleno = {7},
  numpages = {5},
  url = {http://doi.acm.org/10.1145/2597959.2597967},
  doi = {10.1145/2597959.2597967},
  acmid = {2597967},
  publisher = {ACM},
  address = {New York, NY, USA},
  keywords = {Education methods, industry partners, real-world experience, software development},
  review={não faz referência ao nome do software},
  really_refers_to_software={no},
}

@inproceedings{Li:2014:APT:2543728.2543741,
  author = {Li, Huiqing and Thompson, Simon and Lamela Seijas, Pablo and Francisco, Miguel Angel},
  title = {Automating Property-based Testing of Evolving Web Services},
  booktitle = {Proceedings of the ACM SIGPLAN 2014 Workshop on Partial Evaluation and Program Manipulation},
  series = {PEPM '14},
  year = {2014},
  isbn = {978-1-4503-2619-3},
  location = {San Diego, California, USA},
  pages = {169--180},
  numpages = {12},
  url = {http://doi.acm.org/10.1145/2543728.2543741},
  doi = {10.1145/2543728.2543741},
  acmid = {2543741},
  publisher = {ACM},
  address = {New York, NY, USA},
  keywords = {api evolution, erlang, property-based testing, quickcheck, web service, wrangler, wsdl},
  review={cita o artigo selecionado na revisão estruturada},
  really_refers_to_software={no},
}

@inproceedings{Pinto:2012:UMR:2393596.2393634,
  author = {Pinto, Leandro Sales and Sinha, Saurabh and Orso, Alessandro},
  title = {Understanding Myths and Realities of Test-suite Evolution},
  booktitle = {Proceedings of the ACM SIGSOFT 20th International Symposium on the Foundations of Software Engineering},
  series = {FSE '12},
  year = {2012},
  isbn = {978-1-4503-1614-9},
  location = {Cary, North Carolina},
  pages = {33:1--33:11},
  articleno = {33},
  numpages = {11},
  url = {http://doi.acm.org/10.1145/2393596.2393634},
  doi = {10.1145/2393596.2393634},
  acmid = {2393634},
  publisher = {ACM},
  address = {New York, NY, USA},
  keywords = {test-suite evolution, test-suite maintenance, unit testing},
  review={cita o software como trabalho relacionado},
  really_refers_to_software={yes},
}

@inproceedings{Zhang:2013:ARB:2483760.2483775,
  author = {Zhang, Sai and L\"{u}, Hao and Ernst, Michael D.},
  title = {Automatically Repairing Broken Workflows for Evolving GUI Applications},
  booktitle = {Proceedings of the 2013 International Symposium on Software Testing and Analysis},
  series = {ISSTA 2013},
  year = {2013},
  isbn = {978-1-4503-2159-4},
  location = {Lugano, Switzerland},
  pages = {45--55},
  numpages = {11},
  url = {http://doi.acm.org/10.1145/2483760.2483775},
  doi = {10.1145/2483760.2483775},
  acmid = {2483775},
  publisher = {ACM},
  address = {New York, NY, USA},
  keywords = {Dynamic analysis, GUI applications, workflows},
  review={cita um artigo com o nome do software no título, relacionado ao software},
  really_refers_to_software={no},
}

@inproceedings{Herzig:2015:EDF:2819009.2819018,
  author = {Herzig, Kim and Nagappan, Nachiappan},
  title = {Empirically Detecting False Test Alarms Using Association Rules},
  booktitle = {Proceedings of the 37th International Conference on Software Engineering - Volume 2},
  series = {ICSE '15},
  year = {2015},
  location = {Florence, Italy},
  pages = {39--48},
  numpages = {10},
  url = {http://dl.acm.org/citation.cfm?id=2819009.2819018},
  acmid = {2819018},
  publisher = {IEEE Press},
  address = {Piscataway, NJ, USA},
  keywords = {association rules, classification model, false test alarms, software testing, test improvement},
  review={cita o artigo selecionado na revisão estruturada},
  really_refers_to_software={no},
}

@inproceedings{Choudhary:2011:WWA:2002931.2002935,
  author = {Choudhary, Shauvik Roy and Zhao, Dan and Versee, Husayn and Orso, Alessandro},
  title = {WATER: Web Application TEst Repair},
  booktitle = {Proceedings of the First International Workshop on End-to-End Test Script Engineering},
  series = {ETSE '11},
  year = {2011},
  isbn = {978-1-4503-0808-3},
  location = {Toronto, Ontario, Canada},
  pages = {24--29},
  numpages = {6},
  url = {http://doi.acm.org/10.1145/2002931.2002935},
  doi = {10.1145/2002931.2002935},
  acmid = {2002935},
  publisher = {ACM},
  address = {New York, NY, USA},
  keywords = {test repair, web testing},
  review={cita o software como trabalho relacionado},
  really_refers_to_software={yes},
}

@inproceedings{Chandra:2014:SSR:2593882.2593892,
  author = {Chandra, Satish and Sinha, Vibha Singhal and Sinha, Saurabh and Ratakonda, Krishna},
  title = {Software Services: A Research Roadmap},
  booktitle = {Proceedings of the on Future of Software Engineering},
  series = {FOSE 2014},
  year = {2014},
  isbn = {978-1-4503-2865-4},
  location = {Hyderabad, India},
  pages = {40--54},
  numpages = {15},
  url = {http://doi.acm.org/10.1145/2593882.2593892},
  doi = {10.1145/2593882.2593892},
  acmid = {2593892},
  publisher = {ACM},
  address = {New York, NY, USA},
  keywords = {Software services, distributed development, knowledge management, risk management, testing},
  review={cita o artigo selecionado na revisão estruturada},
  really_refers_to_software={no},
}
