@ARTICLE{7412621,
  author={V. Garousi and M. Felderer},
  journal={IEEE Software},
  title={Developing, Verifying, and Maintaining High-Quality Automated Test Scripts},
  year={2016},
  volume={33},
  number={3},
  pages={68-75},
  keywords={program testing;program verification;software maintenance;STCE;automated test script development;automated test script maintenance;automated test script verification;software test code engineering;software testing;Maintenance engineering;Production processes;Quality assessment;Software engineering;Software testing;Test automation;software engineering;software test code engineering;software testing;test automation;test code;test scripts},
  doi={10.1109/MS.2016.30},
  ISSN={0740-7459},
  month={May},
  review={cita o artigo selecionado na revisão estruturada},
  really_refers_to_software={no},
}

@INPROCEEDINGS{6606703,
  author={L. S. Pinto and S. Sinha and A. Orso},
  booktitle={2013 35th International Conference on Software Engineering (ICSE)},
  title={TestEvol: A tool for analyzing test-suite evolution},
  year={2013},
  pages={1303-1306},
  keywords={Java;object-oriented programming;program testing;software maintenance;JUnit test case;Java programs;TestEvol;automated test repair;repair technique;software maintenance;test-suite evolution analysis tool;Graphical user interfaces;Java;Maintenance engineering;Runtime;Software systems;Software testing},
  doi={10.1109/ICSE.2013.6606703},
  ISSN={0270-5257},
  month={May},
  review={cita o artigo selecionado na revisão estruturada},
  really_refers_to_software={no},
}

@INPROCEEDINGS{6341585,
  author={W. Basit and F. Lodhi and M. U. Bhatti},
  booktitle={2012 IEEE 36th Annual Computer Software and Applications Conference Workshops},
  title={Evaluating the Extended Refactoring Guidelines},
  year={2012},
  pages={260-265},
  keywords={Java;program testing;software maintenance;Java outputs;clients classes;extended refactoring guidelines;move method refactoring;observable behavior;program behavior;restructured classes;semantic violations;test classes;unit testing;Guidelines;Java;Maintenance engineering;Production;Semantics;Software;Testing;Refactoring;maintenance;postconditions;preconditions;unit testing},
  doi={10.1109/COMPSACW.2012.55},
  month={July},
  review={usa o software},
  really_refers_to_software={yes},
  contribution_weight={0.25},
}

@INPROCEEDINGS{7515470,
  author={M. Hammoudi and G. Rothermel and P. Tonella},
  booktitle={2016 IEEE International Conference on Software Testing, Verification and Validation (ICST)},
  title={Why do Record/Replay Tests of Web Applications Break?},
  year={2016},
  pages={180-190},
  keywords={Internet;program testing;regression analysis;IDE design;Web application tests;automated testing;record-replay tests;regression test;software engineers;test breakages;test robustness analysis;Frequency measurement;HTML;Maintenance engineering;Selenium;Taxonomy;Testing;Web pages;Record/replay testing;test breakages;test repair;web applications},
  doi={10.1109/ICST.2016.16},
  month={April},
  review={cita o artigo selecionado na revisão estruturada},
  really_refers_to_software={no},
}

@INPROCEEDINGS{6032577,
  author={B. Daniel and D. Dig and T. Gvero and V. Jagannath and J. Jiaa and D. Mitchell and J. Nogiec and S. H. Tan and D. Marinov},
  booktitle={2011 33rd International Conference on Software Engineering (ICSE)},
  title={ReAssert: a tool for repairing broken unit tests},
  year={2011},
  pages={1010-1012},
  keywords={formal verification;program testing;software maintenance;software reliability;ReAssert;assertion methods;broken unit tests repair;common test failures;software systems requirements;Instruments;Libraries;Maintenance engineering;Open source software;Productivity;Software systems;Testing;reassert;test repair;testing tools;unit testing},
  doi={10.1145/1985793.1985978},
  ISSN={0270-5257},
  month={May},
  review={autores do software, apresentam, publicam o software neste artigo},
  really_refers_to_software={yes},
  contribution_weight={0.1},
}

@INPROCEEDINGS{6569746,
  author={F. Pastore and L. Mariani and G. Fraser},
  booktitle={2013 IEEE Sixth International Conference on Software Testing, Verification and Validation},
  title={CrowdOracles: Can the Crowd Solve the Oracle Problem?},
  year={2013},
  pages={342-351},
  keywords={Internet;automatic test pattern generation;program testing;CrowdOracles;CrowdSourcing;Internet;Oracle problem;automatic software testing;code documentation;generic properties;program behavior;test generation;test oracle;Computer crashes;Documentation;Educational institutions;Java;Measurement;Software;Software testing;crowd sourcing;test case generation;test oracles},
  doi={10.1109/ICST.2013.13},
  ISSN={2159-4848},
  month={March},
  review={cita o software como trabalho relacionado},
  really_refers_to_software={yes},
  contribution_weight={0.1},
}

@INPROCEEDINGS{5431753,
  author={B. Daniel and V. Jagannath and D. Dig and D. Marinov},
  booktitle={2009 IEEE/ACM International Conference on Automated Software Engineering},
  title={ReAssert: Suggesting Repairs for Broken Unit Tests},
  year={2009},
  pages={433-444},
  keywords={program testing;software maintenance;ReAssert;assertion method;broken unit tests;code under test;program transformation;test code;test repair;test suite;Application software;Automatic testing;Government;Logic testing;Performance evaluation;Programming;Protection;Software engineering;Software testing;USA Councils;Software maintenance;Software test maintenance;Software testing;Software tools},
  doi={10.1109/ASE.2009.17},
  ISSN={1938-4300},
  month={Nov},
  review={mesmo artigo selecionado na revisão estruturada},
  really_refers_to_software={yes},
  contribution_weight={1},
  step={structured-review},
}

@INPROCEEDINGS{5609549,
  author={M. Mirzaaghaei and F. Pastore and M. Pezzè},
  booktitle={2010 IEEE International Conference on Software Maintenance},
  title={Automatically repairing test cases for evolving method declarations},
  year={2010},
  pages={1-5},
  keywords={data flow analysis;program testing;software maintenance;TestCareAssistant technique;automatic repairing test case maintenance;data-flow analysis;software refactoring;software systems;Conferences;IEEE Computer Society;Maintenance engineering;Prototypes;Software engineering;Software systems},
  doi={10.1109/ICSM.2010.5609549},
  ISSN={1063-6773},
  month={Sept},
  review={cita o artigo selecionado na revisão estruturada},
  really_refers_to_software={no},
}

@ARTICLE{6509998,
  author={J. D. Strate and P. A. Laplante},
  journal={IEEE Transactions on Reliability},
  title={A Literature Review of Research in Software Defect Reporting},
  year={2013},
  volume={62},
  number={2},
  pages={444-454},
  keywords={program testing;software fault tolerance;software quality;NIST;National Institute of Standards and Technology;US economy;automatic defect detection;automatic defect fixing;defect report attribute;defect report quality;software defect identification;software defect reporting;software defect tracking;software quality assurance;software reliability;software test automation;Complexity theory;Manuals;Measurement;NIST;Software;Software reliability;Testing;Software defect reporting;software quality assurance;software test automation},
  doi={10.1109/TR.2013.2259204},
  ISSN={0018-9529},
  month={June},
  review={cita o software entre outros como software de 'defect reporting', descreve a publicação e melhorias posteriores implementadas},
  really_refers_to_software={yes},
  contribution_weight={0.1},
}

@INPROCEEDINGS{7883400,
  author={D. Dig and R. Johnson and D. Marinov and B. Bailey and D. Batory},
  booktitle={2016 IEEE/ACM 38th International Conference on Software Engineering Companion (ICSE-C)},
  title={COPE: Vision for a Change-Oriented Programming Environment},
  year={2016},
  pages={773-776},
  keywords={program processors;software reusability;COPE;IDEs;agile development;change-oriented programming environment;program development;program transformations;sequential code;software development;software engineering;software product lines;software refactorings;Algorithm design and analysis;Computer bugs;Optimization;Security;Software;Software engineering;Visualization;program transformations;software changes;software evolution},
  month={May},
  review={desenvolveram o software, autores também, para automatizar transformações},
  really_refers_to_software={yes},
  contribution_weight={0.1},
  weightless_contributions={COOPE},
}

@INPROCEEDINGS{6976080,
  author={L. Christophe and R. Stevens and C. D. Roover and W. D. Meuter},
  booktitle={2014 IEEE International Conference on Software Maintenance and Evolution},
  title={Prevalence and Maintenance of Automated Functional Tests for Web Applications},
  year={2014},
  pages={141-150},
  keywords={program testing;public domain software;software maintenance;SELENIUM-based tests;Web application testing;Web browser;application version repository;automated functional test maintenance;automated functional test prevalence;cross-sectional quantitative study;longitudinal quantitative study;observable state;open-source Web applications;property assertion;software metrics;test automation tools;test files;test script maintenance;user action scripting;user action sequences;Browsers;Graphical user interfaces;Java;Maintenance engineering;Measurement;Testing;Functional testing;Selenium;Test automation},
  doi={10.1109/ICSME.2014.36},
  ISSN={1063-6773},
  month={Sept},
  review={cita o artigo selecionado na revisão estruturada},
  really_refers_to_software={no},
}

@ARTICLE{7736073,
  author={S. A. Carr and F. Logozzo and M. Payer},
  journal={IEEE Transactions on Software Engineering},
  title={Automatic Contract Insertion with CCBot},
  year={2016},
  volume={PP},
  number={99},
  pages={1-1},
  keywords={C# languages;Computer bugs;Contracts;Instruments;Reactive power;Runtime;Semantics;Contract-based verification;assertions;automated patching;class invariants},
  doi={10.1109/TSE.2016.2625248},
  ISSN={0098-5589},
  month={},
  review={cita o software como trabalho relacionado},
  really_refers_to_software={yes},
  contribution_weight={0.1},
}
