@INBOOK{5487772,
  author={Lajos Hanzo and Clare Somerville and Jason Woodard},
  booktitle={Voice and Audio Compression for Wireless Communications},
  title={The Voice over Internet Protocol},
  year={2007},
  pages={765-781},
  doi={10.1002/9780470516034.ch19},
  publisher={Wiley-IEEE Press},
  isbn={9780470516034},
  url={http://ieeexplore.ieee.org/xpl/articleDetails.jsp?arnumber=5487772},
}

@INPROCEEDINGS{7886679,
  author={E. Tomasco and T. L. Nguyen and O. Inverso and B. Fischer and S. L. Torre and G. Parlato},
  booktitle={2016 Formal Methods in Computer-Aided Design (FMCAD)},
  title={Lazy sequentialization for TSO and PSO via shared memory abstractions},
  year={2016},
  pages={193-200},
  keywords={data structures;formal verification;shared memory systems;PSO memory models;SC;SMA;SV-COMP concurrency benchmarks;TSO memory models;WMM;abstract data type;bounded model checking;concurrent program bounded verification;data structure;lazy sequentialization;partial store order;sequential consistency;shared memory abstractions;shared memory accesses;store buffer simulation;temporal circular doubly-linked lists;total store order;weak memory models;Buffer storage;Clocks;Concurrent computing;Instruction sets;Memory management;Semantics;Testing},
  doi={10.1109/FMCAD.2016.7886679},
  month={Oct},
}

@INPROCEEDINGS{6693139,
  author={B. Fischer and O. Inverso and G. Parlato},
  booktitle={2013 28th IEEE/ACM International Conference on Automated Software Engineering (ASE)},
  title={CSeq: A concurrency pre-processor for sequential C verification tools},
  year={2013},
  pages={710-713},
  keywords={C language;concurrency control;parallel programming;program interpreters;program verification;C program sequentialization;CBMC;CSeq tool;ESBMC;LLBMC;Lal-Reps sequentialization;automated sequential program verification tools;backend tools;concurrency preprocessing technique;concurrency preprocessor;concurrent program translation;dynamic thread creation;equivalent nondeterministic sequential programs;pthreads;sequential C verification tools;Benchmark testing;Concurrent computing;Context;Instruction sets;Programming},
  doi={10.1109/ASE.2013.6693139},
  month={Nov},
}

@INPROCEEDINGS{7372071,
  author={O. Inverso and T. L. Nguyen and B. Fischer and S. L. Torre and G. Parlato},
  booktitle={2015 30th IEEE/ACM International Conference on Automated Software Engineering (ASE)},
  title={Lazy-CSeq: A Context-Bounded Model Checking Tool for Multi-threaded C-Programs},
  year={2015},
  pages={807-812},
  keywords={C language;application program interfaces;formal verification;multi-threading;Lazy-CSeq;POSIX thread API;SV-COMP verification competitions;assertion checking;bounded nondeterministic sequential C program;bounded reachability;concurrency verification tools;context-bounded model checking tool;context-bounded verification tool;deadlock detection;model checkers;multithreaded C-programs;round-robin schedules;sequential verification backends;Arrays;Concurrent computing;Context;Programming;Schedules;System recovery;C programs;bounded model-checking;concurrency;context-bounded;multi-thread;multi-threaded},
  doi={10.1109/ASE.2015.108},
  month={Nov},
}

@inproceedings{Drienyovszky:2010:QRT:1863509.1863521,
  author = {Drienyovszky, D\'{a}niel and Horp\'{a}csi, D\'{a}niel and Thompson, Simon},
  title = {Quickchecking Refactoring Tools},
  booktitle = {Proceedings of the 9th ACM SIGPLAN Workshop on Erlang},
  series = {Erlang '10},
  year = {2010},
  isbn = {978-1-4503-0253-1},
  location = {Baltimore, Maryland, USA},
  pages = {75--80},
  numpages = {6},
  url = {http://doi.acm.org/10.1145/1863509.1863521},
  doi = {10.1145/1863509.1863521},
  acmid = {1863521},
  publisher = {ACM},
  address = {New York, NY, USA},
  keywords = {attribute grammar, erlang, property, quickcheck, random program generation, refactorerl, refactoring, wrangler, yecc},
}

@inproceedings{Siegel:2015:CCI:2807591.2807635,
  author = {Siegel, Stephen F. and Zheng, Manchun and Luo, Ziqing and Zirkel, Timothy K. and Marianiello, Andre V. and Edenhofner, John G. and Dwyer, Matthew B. and Rogers, Michael S.},
  title = {CIVL: The Concurrency Intermediate Verification Language},
  booktitle = {Proceedings of the International Conference for High Performance Computing, Networking, Storage and Analysis},
  series = {SC '15},
  year = {2015},
  isbn = {978-1-4503-3723-6},
  location = {Austin, Texas},
  pages = {61:1--61:12},
  articleno = {61},
  numpages = {12},
  url = {http://doi.acm.org/10.1145/2807591.2807635},
  doi = {10.1145/2807591.2807635},
  acmid = {2807635},
  publisher = {ACM},
  address = {New York, NY, USA},
  keywords = {CUDA, MPI, OpenMP, concurrency, intermediate representation, model checking, parallel programming, program transformation, pthreads, symbolic execution, verification},
}

@inproceedings{Bouajjani:2015:TRC:2676726.2677002,
  author = {Bouajjani, Ahmed and Emmi, Michael and Enea, Constantin and Hamza, Jad},
  title = {Tractable Refinement Checking for Concurrent Objects},
  booktitle = {Proceedings of the 42Nd Annual ACM SIGPLAN-SIGACT Symposium on Principles of Programming Languages},
  series = {POPL '15},
  year = {2015},
  isbn = {978-1-4503-3300-9},
  location = {Mumbai, India},
  pages = {651--662},
  numpages = {12},
  url = {http://doi.acm.org/10.1145/2676726.2677002},
  doi = {10.1145/2676726.2677002},
  acmid = {2677002},
  publisher = {ACM},
  address = {New York, NY, USA},
  keywords = {concurrency, linearizability, refinement},
}

@inproceedings{Mayer:2016:SLT:2998392.2998395,
  author = {Mayer, Mika\"{e}l and Madhavan, Ravichandhran},
  title = {A Scala Library for Testing Student Assignments on Concurrent Programming},
  booktitle = {Proceedings of the 2016 7th ACM SIGPLAN Symposium on Scala},
  series = {SCALA 2016},
  year = {2016},
  isbn = {978-1-4503-4648-1},
  location = {Amsterdam, Netherlands},
  pages = {1--10},
  numpages = {10},
  url = {http://doi.acm.org/10.1145/2998392.2998395},
  doi = {10.1145/2998392.2998395},
  acmid = {2998395},
  publisher = {ACM},
  address = {New York, NY, USA},
  keywords = {Concurrency, Deadlocks, Debugging, Grading, Scheduling, Synchro- nization, Testing},
}

@article{Botincan:2013:PPS:2491522.2491525,
  author = {Botin\v{c}an, Matko and Dodds, Mike and Jagannathan, Suresh},
  title = {Proof-Directed Parallelization Synthesis by Separation Logic},
  journal = {ACM Trans. Program. Lang. Syst.},
  issue_date = {July 2013},
  volume = {35},
  number = {2},
  month = {jul},
  year = {2013},
  issn = {0164-0925},
  pages = {8:1--8:60},
  articleno = {8},
  numpages = {60},
  url = {http://doi.acm.org/10.1145/2491522.2491525},
  doi = {10.1145/2491522.2491525},
  acmid = {2491525},
  publisher = {ACM},
  address = {New York, NY, USA},
  keywords = {Separation logic, abduction, deterministic parallelism, frame inference},
}

@inproceedings{Acharya:2007:RMS:1269880.1269892,
  author = {Acharya, Arup and Wang, Xiping and Wright, Charles and Banerjee, Nilanjan and Sengupta, Bikram},
  title = {Real-time Monitoring of SIP Infrastructure Using Message Classification},
  booktitle = {Proceedings of the 3rd Annual ACM Workshop on Mining Network Data},
  series = {MineNet '07},
  year = {2007},
  isbn = {978-1-59593-792-6},
  location = {San Diego, California, USA},
  pages = {45--50},
  numpages = {6},
  url = {http://doi.acm.org/10.1145/1269880.1269892},
  doi = {10.1145/1269880.1269892},
  acmid = {1269892},
  publisher = {ACM},
  address = {New York, NY, USA},
  keywords = {VoIP, classification, monitoring, session initiation protocol},
}

@inproceedings{Vojdani:2016:SRD:2970276.2970337,
  author = {Vojdani, Vesal and Apinis, Kalmer and R\~{o}tov, Vootele and Seidl, Helmut and Vene, Varmo and Vogler, Ralf},
  title = {Static Race Detection for Device Drivers: The Goblint Approach},
  booktitle = {Proceedings of the 31st IEEE/ACM International Conference on Automated Software Engineering},
  series = {ASE 2016},
  year = {2016},
  isbn = {978-1-4503-3845-5},
  location = {Singapore, Singapore},
  pages = {391--402},
  numpages = {12},
  url = {http://doi.acm.org/10.1145/2970276.2970337},
  doi = {10.1145/2970276.2970337},
  acmid = {2970337},
  publisher = {ACM},
  address = {New York, NY, USA},
  keywords = {Concurrency, abstract interpretation, race condition},
}

@inproceedings{Carbone:2013:DMA:2429069.2429101,
  author = {Carbone, Marco and Montesi, Fabrizio},
  title = {Deadlock-freedom-by-design: Multiparty Asynchronous Global Programming},
  booktitle = {Proceedings of the 40th Annual ACM SIGPLAN-SIGACT Symposium on Principles of Programming Languages},
  series = {POPL '13},
  year = {2013},
  isbn = {978-1-4503-1832-7},
  location = {Rome, Italy},
  pages = {263--274},
  numpages = {12},
  url = {http://doi.acm.org/10.1145/2429069.2429101},
  doi = {10.1145/2429069.2429101},
  acmid = {2429101},
  publisher = {ACM},
  address = {New York, NY, USA},
  keywords = {choreography, concurrency, sessions, types},
}

@inproceedings{Dainotti:2012:ASS:2398776.2398778,
  author = {Dainotti, Alberto and King, Alistair and Claffy, kc and Papale, Ferdinando and Pescap\`{e}, Antonio},
  title = {Analysis of a "/0" Stealth Scan from a Botnet},
  booktitle = {Proceedings of the 2012 Internet Measurement Conference},
  series = {IMC '12},
  year = {2012},
  isbn = {978-1-4503-1705-4},
  location = {Boston, Massachusetts, USA},
  pages = {1--14},
  numpages = {14},
  url = {http://doi.acm.org/10.1145/2398776.2398778},
  doi = {10.1145/2398776.2398778},
  acmid = {2398778},
  publisher = {ACM},
  address = {New York, NY, USA},
  keywords = {bot, botnet, coordination, covert, darknet, internet background radiation, network telescope, probing, sality, scan, sip, stealth, voip},
}

@article{Walkinshaw:2013:ACS:2430545.2430549,
  author = {Walkinshaw, Neil and Bogdanov, Kirill},
  title = {Automated Comparison of State-Based Software Models in Terms of Their Language and Structure},
  journal = {ACM Trans. Softw. Eng. Methodol.},
  issue_date = {March 2013},
  volume = {22},
  number = {2},
  month = {mar},
  year = {2013},
  issn = {1049-331X},
  pages = {13:1--13:37},
  articleno = {13},
  numpages = {37},
  url = {http://doi.acm.org/10.1145/2430545.2430549},
  doi = {10.1145/2430545.2430549},
  acmid = {2430549},
  publisher = {ACM},
  address = {New York, NY, USA},
  keywords = {Labeled transition systems, accuracy, comparison},
}
