@inproceedings{Witkowski:2007:MCC:1321631.1321719,
  author = {Witkowski, Thomas and Blanc, Nicolas and Kroening, Daniel and Weissenbacher, Georg},
  title = {Model Checking Concurrent Linux Device Drivers},
  booktitle = {Proceedings of the Twenty-second IEEE/ACM International Conference on Automated Software Engineering},
  series = {ASE '07},
  year = {2007},
  isbn = {978-1-59593-882-4},
  location = {Atlanta, Georgia, USA},
  pages = {501--504},
  numpages = {4},
  url = {http://doi.acm.org/10.1145/1321631.1321719},
  doi = {10.1145/1321631.1321719},
  acmid = {1321719},
  publisher = {ACM},
  address = {New York, NY, USA},
  keywords = {device driver, linux, model checking, predicate abstraction},
  review={Ã© o mesmo artigo que publicou o software},
  really_refers_to_software={yes},
  contribution_weight={1},
  step={structured-review},
}

@inproceedings{Blanc:2008:RAS:1509456.1509540,
  author = {Blanc, Nicolas and Kroening, Daniel},
  title = {Race Analysis for SystemC Using Model Checking},
  booktitle = {Proceedings of the 2008 IEEE/ACM International Conference on Computer-Aided Design},
  series = {ICCAD '08},
  year = {2008},
  isbn = {978-1-4244-2820-5},
  location = {San Jose, California},
  pages = {356--363},
  numpages = {8},
  url = {http://dl.acm.org/citation.cfm?id=1509456.1509540},
  acmid = {1509540},
  publisher = {IEEE Press},
  address = {Piscataway, NJ, USA},
  review={cita o software como trabalho relacionado},
  really_refers_to_software={yes},
  contribution_weight={0.1},
}
