@INPROCEEDINGS{6909321,
  author={K. P. Dileep and A. Raghavendra and M. Suman and G. Devesh and S. V. Srikanth},
  booktitle={International Conference on Recent Advances and Innovations in Engineering (ICRAIE-2014)},
  title={Rules based automatic Linux Device Driver Verifier And Code Assistance},
  year={2014},
  pages={1-6},
  keywords={Linux;application program interfaces;data structures;device drivers;program verification;security of data;software reliability;Eclipse IDE;bugs fixation;code assistance;complex data structures;functional placement;kernel API violations;rule based automatic Linux device driver verifier;safety;synchronization mechanisms;Computer bugs;Indexes;Kernel;Linux;Monitoring;Navigation;Reliability;Database;Device Drivers;Eclipse;Linux Kernel;Verification tools},
  doi={10.1109/ICRAIE.2014.6909321},
  month={May},
}

@INPROCEEDINGS{4681598,
  author={N. Blanc and D. Kroening},
  booktitle={2008 IEEE/ACM International Conference on Computer-Aided Design},
  title={Race analysis for SystemC using model checking},
  year={2008},
  pages={356-363},
  keywords={C language;object-oriented languages;program verification;scheduling;SystemC;deterministic scheduling policy;formal race analysis;model checking;scalable race analysis;system-level modeling language;Analytical models;Computational modeling;Concurrent computing;Context modeling;Interleaved codes;Job shop scheduling;Performance analysis;Processor scheduling;Runtime;Yarn},
  doi={10.1109/ICCAD.2008.4681598},
  ISSN={1092-3152},
  month={Nov},
}
