@inproceedings{Hills:2015:SPD:2823363.2823373,
  author = {Hills, Mark},
  title = {Supporting PHP Dynamic Analysis in PHP AiR},
  booktitle = {Proceedings of the 13th International Workshop on Dynamic Analysis},
  series = {WODA 2015},
  year = {2015},
  isbn = {978-1-4503-3909-4},
  location = {Pittsburgh, PA, USA},
  pages = {37--38},
  numpages = {2},
  url = {http://doi.acm.org/10.1145/2823363.2823373},
  doi = {10.1145/2823363.2823373},
  acmid = {2823373},
  publisher = {ACM},
  address = {New York, NY, USA},
  keywords = {Dynamic analysis, PHP, dynamic language features},
  review={extende o software para suportar análise dinâmica},
  really_refers_to_software={yes},
  reference_weight={0.5},
}

@inproceedings{Hills:2014:SLI:2642937.2643017,
  author = {Hills, Mark and Klint, Paul and Vinju, Jurgen J.},
  title = {Static, Lightweight Includes Resolution for PHP},
  booktitle = {Proceedings of the 29th ACM/IEEE International Conference on Automated Software Engineering},
  series = {ASE '14},
  year = {2014},
  isbn = {978-1-4503-3013-8},
  location = {Vasteras, Sweden},
  pages = {503--514},
  numpages = {12},
  url = {http://doi.acm.org/10.1145/2642937.2643017},
  doi = {10.1145/2642937.2643017},
  acmid = {2643017},
  publisher = {ACM},
  address = {New York, NY, USA},
  keywords = {dynamic language features, php, static analysis},
  review={mesmo artigo selecionado na revisão estruturada},
  really_refers_to_software={no},
}

@inproceedings{Steindorfer:2015:OHM:2814270.2814312,
  author = {Steindorfer, Michael J. and Vinju, Jurgen J.},
  title = {Optimizing Hash-array Mapped Tries for Fast and Lean Immutable JVM Collections},
  booktitle = {Proceedings of the 2015 ACM SIGPLAN International Conference on Object-Oriented Programming, Systems, Languages, and Applications},
  series = {OOPSLA 2015},
  year = {2015},
  isbn = {978-1-4503-3689-5},
  location = {Pittsburgh, PA, USA},
  pages = {783--800},
  numpages = {18},
  url = {http://doi.acm.org/10.1145/2814270.2814312},
  doi = {10.1145/2814270.2814312},
  acmid = {2814312},
  publisher = {ACM},
  address = {New York, NY, USA},
  keywords = {Hash trie, Java Virtual Machine, cache locality, immutability, performance, persistent data structure},
  review={usa o software para coleta de dados},
  really_refers_to_software={yes},
  reference_weight={0.25},
}

@article{Steindorfer:2015:OHM:2858965.2814312,
  author = {Steindorfer, Michael J. and Vinju, Jurgen J.},
  title = {Optimizing Hash-array Mapped Tries for Fast and Lean Immutable JVM Collections},
  journal = {SIGPLAN Not.},
  issue_date = {October 2015},
  volume = {50},
  number = {10},
  month = oct,
  year = {2015},
  issn = {0362-1340},
  pages = {783--800},
  numpages = {18},
  url = {http://doi.acm.org/10.1145/2858965.2814312},
  doi = {10.1145/2858965.2814312},
  acmid = {2814312},
  publisher = {ACM},
  address = {New York, NY, USA},
  keywords = {Hash trie, Java Virtual Machine, cache locality, immutability, performance, persistent data structure},
  review={resultado de busca duplicado},
  really_refers_to_software={no},
}
