@inproceedings{Janes:2017:CSQ:3053600.3053618,
  author = {Janes, Andrea and Lenarduzzi, Valentina and Stan, Alexandru Cristian},
  title = {A Continuous Software Quality Monitoring Approach for Small and Medium Enterprises},
  booktitle = {Proceedings of the 8th ACM/SPEC on International Conference on Performance Engineering Companion},
  series = {ICPE '17 Companion},
  year = {2017},
  isbn = {978-1-4503-4899-7},
  location = {L'Aquila, Italy},
  pages = {97--100},
  numpages = {4},
  url = {http://doi.acm.org/10.1145/3053600.3053618},
  doi = {10.1145/3053600.3053618},
  acmid = {3053618},
  publisher = {ACM},
  address = {New York, NY, USA},
  keywords = {anti-patterns, code smells, continuous quality assurance, software maintenance, software monitoring},
  review = {cita SonarQube, mas n찾o o plugin para o Source Meter},
  really_refers_to_software = {no},
}

@inproceedings{6975640,
  author = {R. Ferenc and L. Lang처 and I. Siket and T. Gyim처thy and T. Bakota},
  booktitle = {2014 IEEE 14th International Working Conference on Source Code Analysis and Manipulation},
  title = {Source Meter Sonar Qube Plug-in},
  year = {2014},
  pages = {77-82},
  keywords = {public domain software;software metrics;software quality;source code (software);GUI;Java code analysis engine;Sonar Qube dashboard;SourceMeter Sonar Qube plug-in;code quality management;drilldown views;open-source platform;Cloning;Encoding;Engines;Graphical user interfaces;Java;Measurement;Software;Sonar Qube;Source Meter;clone detection;coding issues;metrics;plug-in;software quality},
  doi = {10.1109/SCAM.2014.31},
  month = {Sept},
  review = {mesmo artigo selecionado na revis찾o estruturada},
  really_refers_to_software = {yes},
  contribution_weight = {1},
  step = {structured-review},
  conference = {SCAM},
}

