@INPROCEEDINGS{5431709,
  author={L. Zhang and J. Zhou and D. Hao and L. Zhang and H. Mei},
  booktitle={2009 IEEE/ACM International Conference on Automated Software Engineering},
  title={Jtop: Managing JUnit Test Cases in Absence of Coverage Information},
  year={2009},
  pages={677-679},
  keywords={Java;graphical user interfaces;program testing;software management;Java software;Jtop;coverage Information;graphical user interface;managing JUnit test cases;software delivery;software testing;test case management;test case prioritization;test case selection;test suite reduction;Automatic testing;Conference management;Displays;Electronic equipment testing;Engineering management;Graphical user interfaces;Java;Software engineering;Software testing;Technology management;regression test case selection;test case prioritization;test suite reduction},
  doi={10.1109/ASE.2009.22},
  ISSN={1938-4300},
  month={Nov},
  review={mesmo artigo selecionado na revisão estruturada},
  really_refers_to_software={yes},
  contribution_weight={1},
  step={structured-review},
  conference={ASE},
}

@INPROCEEDINGS{7380585,
  author={P. Dhareula and A. Ganpati},
  booktitle={2015 International Conference on Green Computing and Internet of Things (ICGCIoT)},
  title={Prevalent criteria's in regression test case selection techniques: An exploratory study},
  year={2015},
  pages={871-876},
  keywords={granular computing;program testing;RTS;code-based testing;regression test case selection technique;test case optimization;Databases;Fault diagnosis;Flow graphs;Optimization;Software;Testing;Unified modeling language;Regression testing;maintenance;selection techniques;test case selection},
  doi={10.1109/ICGCIoT.2015.7380585},
  month={Oct},
  review={cita na revisão de literatura o artigo selecionado na revisão estruturada},
  really_refers_to_software={no},
}
