@article{Tanik:1980:CPC:1010884.1010888,
  author = {Tanik, Murat M.},
  title = {A Comparison of Program Complexity Prediction Models},
  journal = {SIGSOFT Softw. Eng. Notes},
  issue_date = {October 1980},
  volume = {5},
  number = {4},
  month = oct,
  year = {1980},
  issn = {0163-5948},
  pages = {10--16},
  numpages = {7},
  url = {http://doi.acm.org/10.1145/1010884.1010888},
  doi = {10.1145/1010884.1010888},
  acmid = {1010888},
  publisher = {ACM},
  address = {New York, NY, USA},
}

@article{Watson:2013:DOA:2428616.2430732,
  author = {Watson, Robert N. M.},
  title = {A Decade of OS Access-control Extensibility},
  journal = {Queue},
  issue_date = {January 2013},
  volume = {11},
  number = {1},
  month = jan,
  year = {2013},
  issn = {1542-7730},
  pages = {20:20--20:41},
  articleno = {20},
  numpages = {22},
  url = {http://doi.acm.org/10.1145/2428616.2430732},
  doi = {10.1145/2428616.2430732},
  acmid = {2430732},
  publisher = {ACM},
  address = {New York, NY, USA},
}
