@INPROCEEDINGS{4659252,
  author={H. M. Kienle},
  booktitle={2008 Frontiers of Software Maintenance},
  title={Component-based tool development},
  year={2008},
  pages={87-98},
  keywords={object-oriented programming;software maintenance;software tools;component-based tool development;maintenance tools;software-engineering research tool;Buildings;Code standards;Communication standards;Graphics;Prototypes;Reverse engineering;Software tools;User interfaces;Visualization;Writing},
  doi={10.1109/FOSM.2008.4659252},
  month={Sept},
  review={cita o software, entre outros, numa tabela resumindo componentes para construir 'static fact extractors', cita o artigo selecionado na revisão estruturada},
  really_refers_to_software={yes},
  reference_weight={0},
}

@INPROCEEDINGS{6113038,
  author={Y. Higo and A. Saitoh and G. Yamada and T. Miyake and S. Kusumoto and K. Inoue},
  booktitle={2011 Joint Conference of the 21st International Workshop on Software Measurement and the 6th International Conference on Software Process and Product Measurement},
  title={A Pluggable Tool for Measuring Software Metrics from Source Code},
  year={2011},
  pages={3-12},
  keywords={software metrics;software tools;CK metrics suite;MASU software tool;software metric measurement;source code;Buildings;Data mining;Java;Software metrics;Measurement;Software Metrics},
  doi={10.1109/IWSM-MENSURA.2011.43},
  month={Nov},
  review={cita o software como trabalho relacionado},
  really_refers_to_software={yes},
  reference_weight={0},
}

@INPROCEEDINGS{4463746,
  author={C. Wagner and T. Margaria and H. G. Pagendarm},
  booktitle={Second International Symposium on Leveraging Applications of Formal Methods, Verification and Validation (isola 2006)},
  title={Comparative Analysis of Tools for Automated Software Re-engineering Purposes},
  year={2006},
  pages={433-440},
  keywords={C++ listings;program compilers;software engineering;systems re-engineering;C-C++ source code;automated software re-engineering;compilers;model driven development process;software development;Application software;Data acquisition;Electronic mail;Flow graphs;Object oriented modeling;Program processors;Programming;Software engineering;Software tools;Testing},
  doi={10.1109/ISoLA.2006.67},
  month={Nov},
  review={descreve um conjunto de softwares, descreve a ferramenta Xogastan, seu funcionamento, como é implementada},
  really_refers_to_software={yes},
  reference_weight={0},
}

@INPROCEEDINGS{1238025,
  booktitle={Proceedings Third IEEE International Workshop on Source Code Analysis and Manipulation},
  title={Proceedings Third IEEE International Workshop on Source Code Analysis and Manipulation},
  year={2003},
  pages={},
  keywords={object-oriented programming;program compilers;program diagnostics;software tools;CodeBoost transformation system;dependence graph;dynamic partitioning techniques;object oriented code;online cycle detection;parse tree annotation;pointer analysis;power law distribution;program profile checking;program transformations;redundant code detection;software tools;source code analysis;static analysis;static slicing;Object oriented programming;Program compilers;Software fault diagnosis;Software tools},
  doi={10.1109/SCAM.2003.1238025},
  month={Sept},
  review={é apenas um índica com artigos publicados no evento onde o software foi publicado, o artigo selecionado na revisao estruturada é citado},
  really_refers_to_software={no},
}

@INPROCEEDINGS{1238043,
  author={G. Antoniol and M. Di Penta and G. Masone and U. Villano},
  booktitle={Proceedings Third IEEE International Workshop on Source Code Analysis and Manipulation},
  title={XOgastan: XML-oriented gcc AST analysis and transformations},
  year={2003},
  pages={173-182},
  keywords={XML;abstract data types;graph grammars;program compilers;program diagnostics;program interpreters;software maintenance;software tools;API;GXL;XML oriented gcc AST analysis;XML tools;XOgastan;abstract syntax trees;g++ format;gcc format;graph exchange language representation;parser;program analysis;software maintenance;static source code analysis;transformation tools;Computer architecture;Computer languages;Data mining;Information analysis;Reverse engineering;Software maintenance;Software tools;Subspace constraints;Tree graphs;XML},
  doi={10.1109/SCAM.2003.1238043},
  month={Sept},
  review={mesmo artigo selecionado na revisão estruturada},
  really_refers_to_software={no},
}

@INPROCEEDINGS{7116902,
  author={H. Takizawa and S. Hirasawa and Y. Hayashi and R. Egawa and H. Kobayashi},
  booktitle={2014 21st International Conference on High Performance Computing (HiPC)},
  title={Xevolver: An XML-based code translation framework for supporting HPC application migration},
  year={2014},
  pages={1-11},
  keywords={XML;computational linguistics;parallel programming;program compilers;AST;HPC application migration;XML document;XML-based code translation framework;XML-based technologies;Xevolver;abstract syntax tree;application codes;code translation rules;extensible programming framework;libraries;platform-specific optimizations;user-defined compiler directives;Libraries;Manuals;Optimization;Pattern matching;Programming;Syntactics;XML},
  doi={10.1109/HiPC.2014.7116902},
  ISSN={1094-7256},
  month={Dec},
  review={cita o artigo selecionado na revisão estruturada},
  really_refers_to_software={no},
}

@INPROCEEDINGS{1374305,
  author={T. Gschwind and M. Pinzger and H. Gall},
  booktitle={11th Working Conference on Reverse Engineering},
  title={TUAnalyzer - analyzing templates in C++ code},
  year={2004},
  pages={48-57},
  keywords={C++ language;program compilers;program diagnostics;program visualisation;C++ applications;C++ code template analysis;C++ programs;C/C++ translation unit;GNU C/C++ compiler;Graphviz;RSF format output;Rigi;TUAnalyzer;function invocations extraction;program analysis tools;program visualization tools;template information;template instantiation;template structure;templates analysis;Computer languages;Data mining;Feeds;Information analysis;Laboratories;Program processors;Reverse engineering;Software systems;Visualization;XML},
  doi={10.1109/WCRE.2004.40},
  ISSN={1095-1350},
  month={Nov},
  review={cita o software como trabalho relacionado},
  really_refers_to_software={yes},
  reference_weight={0},
}
