@INPROCEEDINGS{7832835,
  author={S. F. Siegel and M. Zheng and Z. Luo and T. K. Zirkel and A. V. Marianiello and J. G. Edenhofner and M. B. Dwyer and M. S. Rogers},
  booktitle={SC15: International Conference for High Performance Computing, Networking, Storage and Analysis},
  title={CIVL: the concurrency intermediate verification language},
  year={2015},
  pages={1-12},
  keywords={concurrency (computers);message passing;multi-threading;program verification;CIVL;CUDA;GPU language extensions;MPI;OpenMP;Pthreads;assertion violations;back-end verifier;concurrency intermediate verification language;deadlock absence;divisions by zero;illegal pointer dereferences;memory leaks;message-passing libraries;model checking;multithreading;out-of-bound array indexing;parallel programs;race conditions;software verification tools;symbolic execution;Concurrent computing;Government;Graphics processing units;Libraries;Message systems;Model checking;Standards},
  doi={10.1145/2807591.2807635},
  month={Nov},
}

@INPROCEEDINGS{7372075,
  author={M. Zheng and M. S. Rogers and Z. Luo and M. B. Dwyer and S. F. Siegel},
  booktitle={2015 30th IEEE/ACM International Conference on Automated Software Engineering (ASE)},
  title={CIVL: Formal Verification of Parallel Programs},
  year={2015},
  pages={830-835},
  keywords={C language;parallel programming;program diagnostics;program verification;C program;CIVL;CUDA;MPI-based 1d-wave simulator;MPI-plus-OpenMP program;Pthread;concurrency intermediate verification language;concurrent program;formal verification;hybrid program;parallel program;static analysis;Concurrent computing;Electronic mail;Government;Graphics processing units;Libraries;Maintenance engineering;Standards;MPI;OpenMP;function equivalence;model checking;parallel programs;software verification;symbolic execution},
  doi={10.1109/ASE.2015.99},
  month={Nov},
}

@inproceedings{Zheng:2016:CAG:2945480.2945507,
  author = {Zheng, Manchun and Edenhofner, John G. and Luo, Ziqing and Gerrard, Mitchell J. and Rogers, Michael S. and Dwyer, Matthew B. and Siegel, Stephen F.},
  title = {CIVL: Applying a General Concurrency Verification Framework to C/Pthreads Programs Competition Contribution},
  booktitle = {Proceedings of the 22Nd International Conference on Tools and Algorithms for the Construction and Analysis of Systems - Volume 9636},
  year = {2016},
  isbn = {978-3-662-49673-2},
  pages = {908--911},
  numpages = {4},
  url = {http://dx.doi.org/10.1007/978-3-662-49674-9_57},
  doi = {10.1007/978-3-662-49674-9_57},
  acmid = {2945507},
  publisher = {Springer-Verlag New York, Inc.},
  address = {New York, NY, USA},
}

@article{Siegel:2017:CSV:3090064.3090070,
  author = {Siegel, Stephen F.},
  title = {CIVL Solutions to Verifythis 2016 Challenges},
  journal = {ACM SIGLOG News},
  issue_date = {April 2017},
  volume = {4},
  number = {2},
  month = {may},
  year = {2017},
  issn = {2372-3491},
  pages = {55--75},
  numpages = {21},
  url = {http://doi.acm.org/10.1145/3090064.3090070},
  doi = {10.1145/3090064.3090070},
  acmid = {3090070},
  publisher = {ACM},
  address = {New York, NY, USA},
}

@inproceedings{Jasper:2017:RCW:3092282.3098206,
  author = {Jasper, Marc and Fecke, Maximilian and Steffen, Bernhard and Schordan, Markus and Meijer, Jeroen and Pol, Jaco van de and Howar, Falk and Siegel, Stephen F.},
  title = {The RERS 2017 Challenge and Workshop (Invited Paper)},
  booktitle = {Proceedings of the 24th ACM SIGSOFT International SPIN Symposium on Model Checking of Software},
  series = {SPIN 2017},
  year = {2017},
  isbn = {978-1-4503-5077-8},
  location = {Santa Barbara, CA, USA},
  pages = {11--20},
  numpages = {10},
  url = {http://doi.acm.org/10.1145/3092282.3098206},
  doi = {10.1145/3092282.3098206},
  acmid = {3098206},
  publisher = {ACM},
  address = {New York, NY, USA},
  keywords = {benchmark generation, modal transition systems, model checking, property-preservation, race analysis, temporal logic, verification},
}

@inproceedings{Beyer:2017:SVV:3080455.3080481,
  author = {Beyer, Dirk},
  title = {Software Verification with Validation of Results},
  booktitle = {Proceedings, Part II, of the 23rd International Conference on Tools and Algorithms for the Construction and Analysis of Systems - Volume 10206},
  year = {2017},
  isbn = {978-3-662-54579-9},
  pages = {331--349},
  numpages = {19},
  url = {https://doi.org/10.1007/978-3-662-54580-5_20},
  doi = {10.1007/978-3-662-54580-5_20},
  acmid = {3080481},
  publisher = {Springer-Verlag New York, Inc.},
  address = {New York, NY, USA},
}

@inproceedings{Gopalakrishnan:2015:AFP:2753524.2753531,
  author = {Gopalakrishnan, Ganesh and Sawaya, Jeffrey},
  title = {Achieving Formal Parallel Program Debugging by Incentivizing CS/HPC Collaborative Tool Development},
  booktitle = {Proceedings of the 1st Workshop on The Science of Cyberinfrastructure: Research, Experience, Applications and Models},
  series = {SCREAM '15},
  year = {2015},
  isbn = {978-1-4503-3566-9},
  location = {Portland, Oregon, USA},
  pages = {11--18},
  numpages = {8},
  url = {http://doi.acm.org/10.1145/2753524.2753531},
  doi = {10.1145/2753524.2753531},
  acmid = {2753531},
  publisher = {ACM},
  address = {New York, NY, USA},
  keywords = {concurrent program debugging, heterogeneous concurrency, test coverage},
}

@proceedings{Kern:2015:2807591,
  title = {SC '15: Proceedings of the International Conference for High Performance Computing, Networking, Storage and Analysis},
  year = {2015},
  isbn = {978-1-4503-3723-6},
  location = {Austin, Texas},
  note = {533152},
  publisher = {ACM},
  address = {New York, NY, USA},
}

@article{Lopez:2015:PVM:2858965.2814302,
  author = {L\'{o}pez, Hugo A. and Marques, Eduardo R. B. and Martins, Francisco and Ng, Nicholas and Santos, C{\'e}sar and Vasconcelos, Vasco Thudichum and Yoshida, Nobuko},
  title = {Protocol-based Verification of Message-passing Parallel Programs},
  journal = {SIGPLAN Not.},
  issue_date = {October 2015},
  volume = {50},
  number = {10},
  month = {oct},
  year = {2015},
  issn = {0362-1340},
  pages = {280--298},
  numpages = {19},
  url = {http://doi.acm.org/10.1145/2858965.2814302},
  doi = {10.1145/2858965.2814302},
  acmid = {2814302},
  publisher = {ACM},
  address = {New York, NY, USA},
  keywords = {Dependent types, MPI, Parallel programming, Program verification, Session types},
}

@article{Demyanova:2017:ESM:3086167.3086173,
  author = {Demyanova, Yulia and Pani, Thomas and Veith, Helmut and Zuleger, Florian},
  title = {Empirical Software Metrics for Benchmarking of Verification Tools},
  journal = {Form. Methods Syst. Des.},
  issue_date = {June      2017},
  volume = {50},
  number = {2-3},
  month = {jun},
  year = {2017},
  issn = {0925-9856},
  pages = {289--316},
  numpages = {28},
  url = {https://doi.org/10.1007/s10703-016-0264-5},
  doi = {10.1007/s10703-016-0264-5},
  acmid = {3086173},
  publisher = {Kluwer Academic Publishers},
  address = {Hingham, MA, USA},
  keywords = {Algorithm portfolio, Machine learning, Software metrics, Software verification},
}
