@INPROCEEDINGS{6975645,
  author={S. Tlili and J. M. Fernandez and A. Belghith and B. Dridi and S. Hidouri},
  booktitle={2014 IEEE 14th International Working Conference on Source Code Analysis and Manipulation},
  title={Scalable Security Verification of Software at Compile Time},
  year={2014},
  pages={115-124},
  keywords={Linux;XML;formal verification;security of data;GCC pass;Linux kernel source code;automated verification tools;scalable security verification engine;software compilation process;software development life cycle;software vulnerabilities;Automata;Engines;Monitoring;Scalability;Security;Software;XML;Finite State Automata;GCC;Security Verification;Static Analysis},
  doi={10.1109/SCAM.2014.20},
  month={Sept},
  review={Ã© o mesmo artigo que publicou o software},
  really_refers_to_software={yes},
  mention_type={contribute},
  contribution_weight={1},
  step={study1},
}
