@inproceedings{Duley:2010:PDA:1858996.1859093,
  author = {Duley, Adam and Spandikow, Chris and Kim, Miryung},
  title = {A Program Differencing Algorithm for Verilog HDL},
  booktitle = {Proceedings of the IEEE/ACM International Conference on Automated Software Engineering},
  series = {ASE '10},
  year = {2010},
  isbn = {978-1-4503-0116-9},
  location = {Antwerp, Belgium},
  pages = {477--486},
  numpages = {10},
  url = {http://doi.acm.org/10.1145/1858996.1859093},
  doi = {10.1145/1858996.1859093},
  acmid = {1859093},
  publisher = {ACM},
  address = {New York, NY, USA},
  keywords = {change types, empirical study, hardware description languages, program differencing, verilog},
}
