@inproceedings{Duley:2010:PDA:1858996.1859093,
  author = {Duley, Adam and Spandikow, Chris and Kim, Miryung},
  title = {A Program Differencing Algorithm for Verilog HDL},
  booktitle = {Proceedings of the IEEE/ACM International Conference on Automated Software Engineering},
  series = {ASE '10},
  year = {2010},
  isbn = {978-1-4503-0116-9},
  location = {Antwerp, Belgium},
  pages = {477--486},
  numpages = {10},
  url = {http://doi.acm.org/10.1145/1858996.1859093},
  doi = {10.1145/1858996.1859093},
  acmid = {1859093},
  publisher = {ACM},
  address = {New York, NY, USA},
  keywords = {change types, empirical study, hardware description languages, program differencing, verilog},
}

@inproceedings{HoanAnhNguyen:2011:IIP:2190078.2190128,
  author = {Hoan Anh Nguyen and Tung Thanh Nguyen and Hung Viet Nguyen and Nguyen, Tien N.},
  title = {iDiff: Interaction-based Program Differencing Tool},
  booktitle = {Proceedings of the 2011 26th IEEE/ACM International Conference on Automated Software Engineering},
  series = {ASE '11},
  year = {2011},
  isbn = {978-1-4577-1638-6},
  pages = {572--575},
  numpages = {4},
  url = {http://dx.doi.org/10.1109/ASE.2011.6100128},
  doi = {10.1109/ASE.2011.6100128},
  acmid = {2190128},
  publisher = {IEEE Computer Society},
  address = {Washington, DC, USA},
}

@inproceedings{Yu:2011:SDM:2190078.2190182,
  author = {Yu, Yijun and Tun, Thein Than and Nuseibeh, Bashar},
  title = {Specifying and Detecting Meaningful Changes in Programs},
  booktitle = {Proceedings of the 2011 26th IEEE/ACM International Conference on Automated Software Engineering},
  series = {ASE '11},
  year = {2011},
  isbn = {978-1-4577-1638-6},
  pages = {273--282},
  numpages = {10},
  url = {http://dx.doi.org/10.1109/ASE.2011.6100063},
  doi = {10.1109/ASE.2011.6100063},
  acmid = {2190182},
  publisher = {IEEE Computer Society},
  address = {Washington, DC, USA},
}

@inproceedings{Dotzler:2016:MSC:2970276.2970315,
  author = {Dotzler, Georg and Philippsen, Michael},
  title = {Move-optimized Source Code Tree Differencing},
  booktitle = {Proceedings of the 31st IEEE/ACM International Conference on Automated Software Engineering},
  series = {ASE 2016},
  year = {2016},
  isbn = {978-1-4503-3845-5},
  location = {Singapore, Singapore},
  pages = {660--671},
  numpages = {12},
  url = {http://doi.acm.org/10.1145/2970276.2970315},
  doi = {10.1145/2970276.2970315},
  acmid = {2970315},
  publisher = {ACM},
  address = {New York, NY, USA},
  keywords = {Optimizations, Source Code, Tree Differencing},
}
