@INPROCEEDINGS{7348308,
  author={X. Yang and Y. Zhou and M. Zhao and X. Wu},
  booktitle={2015 IEEE Biomedical Circuits and Systems Conference (BioCAS)},
  title={A 12b 238kS/s SAR ADC with novel built-in digital calibration method for EEG acquisition applications},
  year={2015},
  pages={1-4},
  keywords={CMOS integrated circuits;biomedical electronics;calibration;capacitors;digital-analogue conversion;electroencephalography;CMOS technology;EEG acquisition;LSB;SAR ADC;Verilog HDL;built-in digital calibration method;capacitor mismatch;electroencephalography;mismatch calibration;power 25.4 muW;sampling rate;Calibration;Capacitors;Electroencephalography;Hardware design languages;Simulation;Switches;Time-domain analysis;EEG;SAR ADC;calibration;capacitor mismatch;split DAC},
  doi={10.1109/BioCAS.2015.7348308},
  month={Oct},
  review={não faz referência ao nome do software},
  really_refers_to_software={no},
}

@INPROCEEDINGS{6100063,
  author={Y. Yu and T. T. Tun and B. Nuseibeh},
  booktitle={2011 26th IEEE/ACM International Conference on Automated Software Engineering (ASE 2011)},
  title={Specifying and detecting meaningful changes in programs},
  year={2011},
  pages={273-282},
  keywords={software engineering;meaningful change specification;meaningful changes detection;normalised programs;programming language;software developers;Cloning;Grammar;Java;Optimized production technology;Semantics;Syntactics},
  doi={10.1109/ASE.2011.6100063},
  ISSN={1938-4300},
  month={Nov},
  review={cita o software como trabalho relacionado},
  really_refers_to_software={yes},
  mention_type={cite},
}

@INPROCEEDINGS{6100128,
  author={Hoan Anh Nguyen and Tung Thanh Nguyen and Hung Viet Nguyen and T. N. Nguyen},
  booktitle={2011 26th IEEE/ACM International Conference on Automated Software Engineering (ASE 2011)},
  title={iDiff: Interaction-based program differencing tool},
  year={2011},
  pages={572-575},
  keywords={graph theory;software maintenance;attributed graph;iDiff;interaction based program differencing tool;software evolution;software maintenance;software recovery;software system;Algorithm design and analysis;Collaboration;Computers;Semantics;Software;Syntactics;Tracking},
  doi={10.1109/ASE.2011.6100128},
  ISSN={1938-4300},
  month={Nov},
  review={cita o software como trabalho relacionado},
  really_refers_to_software={yes},
  mention_type={cite},
}

@INPROCEEDINGS{1179024,
  author={V. Chaudhary and M. Francis and Xiaoling Huang and H. A. Mantooth},
  booktitle={IEEE 2002 International Conference on Communications, Circuits and Systems and West Sino Expositions},
  title={Paragon-a mixed-signal behavioral modeling environment},
  year={2002},
  volume={2},
  pages={1315-1321 vol.2},
  keywords={circuit simulation;hardware description languages;integrated circuit design;integrated circuit modelling;mixed analogue-digital integrated circuits;software tools;CAD tool;MAST;Paragon mixed-signal behavioral modeling environment;VHDL-AMS;Verilog-A;environment feature set;hardware description language based models;model testing;model validation;multiple hardware description languages;software architecture;Character generation;Circuits and systems;Databases;Design automation;Graphical user interfaces;Hardware design languages;Software architecture;Software systems;Testing;XML},
  doi={10.1109/ICCCAS.2002.1179024},
  month={June},
  review={o nome do software aparece num trecho de código fonte exemplo sem relação com o software},
  really_refers_to_software={no},
}

@INPROCEEDINGS{7880501,
  author={K. Uemura and A. Mori and K. Fujiwara and E. Choi and H. Iida},
  booktitle={2017 IEEE 11th International Workshop on Software Clones (IWSC)},
  title={Detecting and analyzing code clones in HDL},
  year={2017},
  pages={1-7},
  keywords={hardware description languages;parallel processing;Verilog HDL code;code clone analysis;code clone detection;hardware description languages;open source hardware products;parallel processing;pseudoC++ code;C++ languages;Cloning;Field programmable gate arrays;Hardware design languages;Measurement;Open source hardware},
  doi={10.1109/IWSC.2017.7880501},
  month={Feb},
  review={cita um outro artigo relacionado ao software com o nome do software no título},
  really_refers_to_software={no},
}

@INPROCEEDINGS{7081814,
  author={N. Palix and J. R. Falleri and J. Lawall},
  booktitle={2015 IEEE 22nd International Conference on Software Analysis, Evolution, and Reengineering (SANER)},
  title={Improving pattern tracking with a language-aware tree differencing algorithm},
  year={2015},
  pages={43-52},
  keywords={program debugging;software maintenance;source code (software);trees (mathematics);GNU Diff;GumTree;Herodotos;code differencing algorithm;code fragment tracking;language-aware tree differencing algorithm;longest common subsequence;pattern tracking;software project monitoring;tree-matching;Correlation;Kernel;Linux;Manuals;Vegetation;XML;code metrics;code tracking;tree-matching},
  doi={10.1109/SANER.2015.7081814},
  ISSN={1534-5351},
  month={March},
  review={cita o software como trabalho relacionado},
  really_refers_to_software={yes},
  mention_type={cite},
}
