@INPROCEEDINGS{6065174,
  author={S. Roubtsov and A. Serebrenik and A. Mazoyer and M. v. d. Brand},
  booktitle={2011 IEEE 11th International Working Conference on Source Code Analysis and Manipulation},
  title={I2SD: Reverse Engineering Sequence Diagrams from Enterprise Java Beans with Interceptors},
  year={2011},
  pages={155-164},
  keywords={Java;Unified Modeling Language;aspect-oriented programming;distributed object management;reverse engineering;software maintenance;EJB standard;I2SD;UML sequence diagrams;enterprise Java bean;interceptor invocation;interceptors to sequence diagrams;reverse engineering sequence diagram;software mechanism;visual feedback;Business;Containers;Java;Reverse engineering;Software;Unified modeling language;XML},
  doi={10.1109/SCAM.2011.5},
  month={Sept},
  review={é o mesmo artigo que publicou o software},
  really_refers_to_software={no},
}

@INPROCEEDINGS{6671330,
  author={A. Sutii and S. Roubtsov and A. Serebrenik},
  booktitle={2013 20th Working Conference on Reverse Engineering (WCRE)},
  title={Detecting dependencies in Enterprise JavaBeans with SQuAVisiT},
  year={2013},
  pages={485-486},
  keywords={Java;Web services;distributed object management;program diagnostics;program visualisation;software quality;software tools;EJB dependency injections;SQuAVisiT;Software Quality Assessment and Visualization Toolset;Web service mappings;caller-callee dependencies;dependency detection;enterprise JavaBeans;object-relational mappings;open-source software system;Computer architecture;Containers;Java;Open source software;Visualization;Web services},
  doi={10.1109/WCRE.2013.6671330},
  ISSN={1095-1350},
  month={Oct},
  review={cita o software em trabalhos futuros},
  really_refers_to_software={yes},
  comments={cita o software I2SD, que é o nome do software encontrado na publicação selecionada na revisão estruturada, mas que os autores informaram que mudou de nome, e passou link no dropbox com download},
  contribution_weight={0},
  weightless_contributions={I2SD = EJB},
}

@ARTICLE{6547867,
  author={S. Roubtsov and A. Serebrenik and A. Mazoyer and M. G. J. van den Brand and E. Roubtsova},
  journal={IET Software},
  title={I2SD: reverse engineering Sequence Diagrams Enterprise Java Beans from with interceptors},
  year={2013},
  volume={7},
  number={3},
  pages={150-166},
  doi={10.1049/iet-sen.2012.0056},
  ISSN={1751-8806},
  month={June},
  review={é o mesmo artigo que publicou o software},
  really_refers_to_software={no},
}

@ARTICLE{7953501,
  author={Z. Mushtaq and G. Rasool and B. Shehzad},
  journal={IEEE Access},
  title={Multilingual Source Code Analysis: A Systematic Literature Review},
  year={2017},
  volume={PP},
  number={99},
  pages={1-1},
  keywords={Analytical models;Bibliographies;Data mining;Manuals;Reverse engineering;Software;Systematics;Reverse Engineering;Software architecture;Software design;Software engineering;Software maintenance},
  doi={10.1109/ACCESS.2017.2710421},
  ISSN={2169-3536},
  month={},
  review={faz uma revisão sistemática e encontra o software I2SD, descreve algumas de suas caracteristicas, cita o artigo selecionado na revisão estruturada},
  really_refers_to_software={yes},
  contribution_weight={0.25},
}
