@inproceedings{Sadik:2017:UHG:3068796.3068801,
  author = {Sadik, Ahmed R. and Urban, Bodo and Adel, Omar},
  title = {Using Hand Gestures to Interact with an Industrial Robot in a Cooperative Flexible Manufacturing Scenario},
  booktitle = {Proceedings of the 3rd International Conference on Mechatronics and Robotics Engineering},
  series = {ICMRE 2017},
  year = {2017},
  isbn = {978-1-4503-5280-2},
  location = {Paris, France},
  pages = {11--16},
  numpages = {6},
  url = {http://doi.acm.org/10.1145/3068796.3068801},
  doi = {10.1145/3068796.3068801},
  acmid = {3068801},
  publisher = {ACM},
  address = {New York, NY, USA},
  keywords = {Flexible Manufacturing Paradigm, Semi-Autonomous Systems, Worker-Industrial Robot Cooperation},
}

@inproceedings{Worm:2013:PGE:2463372.2463486,
  author = {Worm, Tony and Chiu, Kenneth},
  title = {Prioritized Grammar Enumeration: Symbolic Regression by Dynamic Programming},
  booktitle = {Proceedings of the 15th Annual Conference on Genetic and Evolutionary Computation},
  series = {GECCO '13},
  year = {2013},
  isbn = {978-1-4503-1963-8},
  location = {Amsterdam, The Netherlands},
  pages = {1021--1028},
  numpages = {8},
  url = {http://doi.acm.org/10.1145/2463372.2463486},
  doi = {10.1145/2463372.2463486},
  acmid = {2463486},
  publisher = {ACM},
  address = {New York, NY, USA},
  keywords = {genetic programming, grammar enumeration, representation, symbolic regression},
}

@inproceedings{Armstrong:2007:HE:1238844.1238850,
  author = {Armstrong, Joe},
  title = {A History of Erlang},
  booktitle = {Proceedings of the Third ACM SIGPLAN Conference on History of Programming Languages},
  series = {HOPL III},
  year = {2007},
  isbn = {978-1-59593-766-7},
  location = {San Diego, California},
  pages = {6-1--6-26},
  url = {http://doi.acm.org/10.1145/1238844.1238850},
  doi = {10.1145/1238844.1238850},
  acmid = {1238850},
  publisher = {ACM},
  address = {New York, NY, USA},
}
