@INPROCEEDINGS{7129037,
  author={M. Pleva and S. Ondáš and J. Juhár},
  booktitle={2015 25th International Conference Radioelektronika (RADIOELEKTRONIKA)},
  title={Automatic dialogue acts classification in Slovak dialogues},
  year={2015},
  pages={295-298},
  keywords={hidden Markov models;learning (artificial intelligence);natural language processing;pattern classification;speech recognition;text analysis;DA classes;DA classification;DA labels;HMM-based approach;Slovak TV talk show;Slovak dialogues;Slovak language;advanced dialogue management systems;automatic dialogue act classification;bigram models;classical machine learning techniques;corpus labeling;dialogue corpus;dialogue grammar;discourse function;natural language processing;simplified annotation schema;spoken utterances classification;Decoding;Grammar;Hidden Markov models;Natural language processing;Speech;Testing;Training;classification;dialogue acts;dialogue mnagement},
  doi={10.1109/RADIOELEK.2015.7129037},
  month={April},
}

@INPROCEEDINGS{4077540,
  author={S. Kekre and E. B. Sarpca and G. Ulusoy and N. Altintas},
  booktitle={2006 Technology Management for the Global Future - PICMET 2006 Conference},
  title={Value Creation by Turkish Enterprises},
  year={2006},
  volume={3},
  pages={1547-1558},
  keywords={automobile industry;domestic appliances;investment;strategic planning;technology management;Carnegie Mellon;Sabanci Universities;Turkish enterprises;appliance sector;automotive sector;investment strategy;technology management;value creation;Automotive engineering;Business;Companies;History;Home appliances;Investments;Production facilities;Statistics;Stock markets;Technology management},
  doi={10.1109/PICMET.2006.296718},
  ISSN={2159-5100},
  month={July},
}

@INPROCEEDINGS{388591,
  author={G. Kovacs},
  booktitle={Proceedings of Intelec 93: 15th International Telecommunications Energy Conference},
  title={Environmental conditions and environmental testing},
  year={1993},
  volume={2},
  pages={92-99 vol.2},
  keywords={conformance testing;environmental testing;standards;telecommunication equipment testing;HTC PKI requirements;IEC test methods;conformance testing;construction;environmental conditions;environmental testing;equipment engineering standards;laboratory test;production;stability;telecommunications equipment;type approval procedure;Appropriate technology;Content addressable storage;Corrosion;Fabrication;IEC standards;Production systems;Resumes;Stability;System testing;Telecommunication standards},
  doi={10.1109/INTLEC.1993.388591},
  month={Sep},
}

@ARTICLE{7637077,
  author={M. J. Harvey and X. Liu and J. Y. J. Chow},
  journal={IEEE Intelligent Transportation Systems Magazine},
  title={A tablet-based surrogate system architecture for "in-situ" evaluation of cyber-physical transport technologies},
  year={2016},
  volume={8},
  number={4},
  pages={79-91},
  keywords={cyber-physical systems;notebook computers;software architecture;LIVEGAUGE stationary sensor;Ryerson University campus;Toronto;cyber-physical transport technologies;mobile devices;open-source online repository;scavenger hunt experiment;tablet devices;tablet-based surrogate system architecture;uniform arrivals experiment;Big data;Computer architecture;Computer simulation;Cyber-physical systems;Dynamic scheduling;Information and communication technology;Intelligent vehicles;Mobile handsets;Monitoring;Time measurement;Vehicle safety},
  doi={10.1109/MITS.2016.2562126},
  ISSN={1939-1390},
  month={winter},
}

@INPROCEEDINGS{7684148,
  author={K. Baby and A. Vysala},
  booktitle={2016 International Conference on Data Mining and Advanced Computing (SAPIENCE)},
  title={COBBS: A Multicloud Architecture for better business solutions},
  year={2016},
  pages={347-352},
  keywords={cloud computing;cryptography;security of data;COBBS;business development;business solutions;cloud computing;cloud service providers;data security;encryption data;encryption scheme;homomorphic encryption;multicloud architecture;sensitive data handling;Business;Cloud computing;Computer architecture;Encryption;COBBS;Cloud computing;homomorphic encryption;multicloud architecture;security challenges},
  doi={10.1109/SAPIENCE.2016.7684148},
  month={March},
}

@ARTICLE{5217658,
  journal={IEEE Spectrum},
  title={Advance abstracts},
  year={1966},
  volume={3},
  number={8},
  pages={120-149},
  doi={10.1109/MSPEC.1966.5217658},
  ISSN={0018-9235},
  month={Aug},
}

@INPROCEEDINGS{7342707,
  author={K. Baby and A. Vysala},
  booktitle={2015 Global Conference on Communication Technologies (GCCT)},
  title={Multicloud architecture for augmenting security in clouds},
  year={2015},
  pages={474-478},
  keywords={cloud computing;cryptography;data handling;cloud computing;cloud security;data processing;data storage;homomorphic encryption;initial capital investment;multicloud architecture;multicloud environment;operational expenditure;security challenges;Business;Cloud computing;Computer architecture;Distributed databases;Encryption;Cloud computing;business intelligence;cryptographic data splitting;homomorphic encryption;multicloud architecture;security challenges},
  doi={10.1109/GCCT.2015.7342707},
  month={April},
}

@INPROCEEDINGS{7390572,
  author={S. Ondáš and J. Juhár},
  booktitle={2015 6th IEEE International Conference on Cognitive Infocommunications (CogInfoCom)},
  title={Distance-based dialog acts labeling},
  year={2015},
  pages={99-103},
  keywords={human computer interaction;interactive systems;natural language processing;signal classification;speaker recognition;statistical analysis;DA classification;DA labeling;Slovak language;communication function recognition;dialog act labeling;distance-based approach;human-computer dialogue interaction;language-dependent technology;speaker utterance;statistical modelling;Computational modeling;Euclidean distance;Hidden Markov models;Labeling;MATLAB;Pattern matching;Training;classification;dialog act;euclidean distance;spoken dialog},
  doi={10.1109/CogInfoCom.2015.7390572},
  month={Oct},
}
