@INPROCEEDINGS{8090149, 
  author={D. Anderson and M. Hills}, 
  booktitle={2017 IEEE 17th International Working Conference on Source Code Analysis and Manipulation (SCAM)}, 
  title={Supporting Analysis of SQL Queries in PHP AiR}, 
  year={2017}, 
  volume={}, 
  number={}, 
  pages={153-158}, 
  keywords={SQL;object-oriented languages;program diagnostics;public domain software;query processing;relational databases;software libraries;PHP AiR framework;PHP scripts;Rascal;SQL queries;database libraries;database library call;database queries;dynamic Web pages;program analysis;program transformation tools;static text;Algorithm design and analysis;Analytical models;Computational modeling;Databases;Libraries;Runtime;Tools;PHP;database query models;dynamic languages;static analysis;web-based systems}, 
  doi={10.1109/SCAM.2017.23}, 
  ISSN={}, 
  month={Sept},
}
