@article{VanNieuwpoort:2010:SHE:1709093.1709096,
  author = {Van Nieuwpoort, Rob V. and Wrzesi\'{n}ska, Gosia and Jacobs, Ceriel J. H. and Bal, Henri E.},
  title = {Satin: A High-level and Efficient Grid Programming Model},
  journal = {ACM Trans. Program. Lang. Syst.},
  issue_date = {March 2010},
  volume = {32},
  number = {3},
  month = {March},
  year = {2010},
  issn = {0164-0925},
  pages = {9:1--9:39},
  articleno = {9},
  numpages = {39},
  url = {http://doi.acm.org/10.1145/1709093.1709096},
  doi = {10.1145/1709093.1709096},
  acmid = {1709096},
  publisher = {ACM},
  address = {New York, NY, USA},
  keywords = {Grid computing, divide-and-conquer, programming model},
  review = {não faz referência ao nome do software},
  really_refers_to_software = {no},
}

@inproceedings{4362624,
  author = {B. Adams and H. Tromp and K. de Schutter and W. de Meuter},
  booktitle = {2007 IEEE International Conference on Software Maintenance},
  title = {Design recovery and maintenance of build systems},
  year = {2007},
  pages = {114-123},
  keywords = {C language;Linux;data flow graphs;program testing;program verification;reverse engineering;software architecture;software maintenance;system recovery;systems analysis;Linux 2.6.16.18 kernel;build system architecture;build system design recovery;build system maintenance;build system refactoring;build-related data querying;dependency graph;filtering technique;industrial C system;reverse-engineering framework;software installation;software testing;system failure;validation rule;Data visualization;Filtering;Heart;Kernel;Linux;Software maintenance;Software systems;Software testing;Software tools;Technological innovation},
  doi = {10.1109/ICSM.2007.4362624},
  issn = {1063-6773},
  month = {Oct},
  review = {cita o nome do software num contexto não relacionado ao software},
  really_refers_to_software = {no},
}

@inproceedings{Weitz:2014:TSF:2610384.2610417,
  author = {Weitz, Konstantin and Kim, Gene and Srisakaokul, Siwakorn and Ernst, Michael D.},
  title = {A Type System for Format Strings},
  booktitle = {Proceedings of the 2014 International Symposium on Software Testing and Analysis},
  series = {ISSTA 2014},
  year = {2014},
  isbn = {978-1-4503-2645-2},
  location = {San Jose, CA, USA},
  pages = {127--137},
  numpages = {11},
  url = {http://doi.acm.org/10.1145/2610384.2610417},
  doi = {10.1145/2610384.2610417},
  acmid = {2610417},
  publisher = {ACM},
  address = {New York, NY, USA},
  keywords = {Format string, printf, static analysis, type system},
  review = {cita o nome do software num contexto não relacionado ao software},
  really_refers_to_software = {no},
}

@inproceedings{1560004,
  author = {M. Siddiqui and A. Villazon and J. Hofer and T. Fahringer},
  booktitle = {Supercomputing, 2005. Proceedings of the ACM/IEEE SC 2005 Conference},
  title = {GLARE: A Grid Activity Registration, Deployment and Provisioning Framework},
  year = {2005},
  pages = {52-52},
  keywords = {Application software;Computer network management;Computer networks;Computer science;Disaster management;Grid computing;Middleware;Permission;Programming environments;Resource management},
  doi = {10.1109/SC.2005.30},
  month = {Nov},
  review = {não faz referência ao nome do software},
  really_refers_to_software = {no},
}

@article{Weimer:2008:ESP:1330017.1330019,
  author = {Weimer, Westley and Necula, George C.},
  title = {Exceptional Situations and Program Reliability},
  journal = {ACM Trans. Program. Lang. Syst.},
  issue_date = {March 2008},
  volume = {30},
  number = {2},
  month = {March},
  year = {2008},
  issn = {0164-0925},
  pages = {8:1--8:51},
  articleno = {8},
  numpages = {51},
  url = {http://doi.acm.org/10.1145/1330017.1330019},
  doi = {10.1145/1330017.1330019},
  acmid = {1330019},
  publisher = {ACM},
  address = {New York, NY, USA},
  keywords = {Error handling, compensating transactions, linear sagas, linear types, resource management},
  review = {cita o nome do software num contexto não relacionado ao software},
  really_refers_to_software = {no},
}

@inproceedings{Dufour:2003:DMJ:949305.949320,
  author = {Dufour, Bruno and Driesen, Karel and Hendren, Laurie and Verbrugge, Clark},
  title = {Dynamic Metrics for Java},
  booktitle = {Proceedings of the 18th Annual ACM SIGPLAN Conference on Object-oriented Programing, Systems, Languages, and Applications},
  series = {OOPSLA '03},
  year = {2003},
  isbn = {1-58113-712-5},
  location = {Anaheim, California, USA},
  pages = {149--168},
  numpages = {20},
  url = {http://doi.acm.org/10.1145/949305.949320},
  doi = {10.1145/949305.949320},
  acmid = {949320},
  publisher = {ACM},
  address = {New York, NY, USA},
  keywords = {Java, dynamic metrics, execution traces, optimization, profiling, program analysis, software metrics},
  review = {cita o nome do software num contexto não relacionado ao software},
  really_refers_to_software = {no},
}

@inproceedings{Seymour:2001:ATF:376656.376833,
  author = {Seymour, Keith and Dongarra, Jack},
  title = {Automatic Translation of Fortran to JVM Bytecode},
  booktitle = {Proceedings of the 2001 Joint ACM-ISCOPE Conference on Java Grande},
  series = {JGI '01},
  year = {2001},
  isbn = {1-58113-359-6},
  location = {Palo Alto, California, USA},
  pages = {126--133},
  numpages = {8},
  url = {http://doi.acm.org/10.1145/376656.376833},
  doi = {10.1145/376656.376833},
  acmid = {376833},
  publisher = {ACM},
  address = {New York, NY, USA},
  review = {cita o nome do software num contexto não relacionado ao software},
  really_refers_to_software = {no},
}

@inproceedings{Lhotak:2004:JBR:996841.996861,
  author = {Lhot\'{a}k, Ond\v{r}ej and Hendren, Laurie},
  title = {Jedd: A BDD-based Relational Extension of Java},
  booktitle = {Proceedings of the ACM SIGPLAN 2004 Conference on Programming Language Design and Implementation},
  series = {PLDI '04},
  year = {2004},
  isbn = {1-58113-807-5},
  location = {Washington DC, USA},
  pages = {158--169},
  numpages = {12},
  url = {http://doi.acm.org/10.1145/996841.996861},
  doi = {10.1145/996841.996861},
  acmid = {996861},
  publisher = {ACM},
  address = {New York, NY, USA},
  keywords = {Java, binary decision diagrams, boolean formula satisfiability, language design, program analysis, relations},
  review = {cita o nome do software num contexto não relacionado ao software},
  really_refers_to_software = {no},
}

@inproceedings{1106025,
  author = {K. Ishizaki and T. Inagaki and H. Komatsu and T. Nakatani},
  booktitle = {Proceedings.International Conference on Parallel Architectures and Compilation Techniques},
  title = {Eliminating exception constraints of Java programs for IA-64},
  year = {2002},
  pages = {259-268},
  keywords = {Java;exception handling;instruction sets;program compilers;IA-64;IBM Java just-in-time compiler;Itanium processor;Java exception checks;Java programs;SPECjvm98;direct acyclic graph representation;exception constraints;execution order;hardware exception;instruction reordering optimization;Hardware;Java;Laboratories;Program processors;Registers;Runtime;Safety},
  doi = {10.1109/PACT.2002.1106025},
  issn = {1089-795X},
  month = {},
  review = {cita o nome do software num contexto não relacionado ao software},
  really_refers_to_software = {no},
}

@inproceedings{Guo:2006:DIA:1146238.1146268,
  author = {Guo, Philip J. and Perkins, Jeff H. and McCamant, Stephen and Ernst, Michael D.},
  title = {Dynamic Inference of Abstract Types},
  booktitle = {Proceedings of the 2006 International Symposium on Software Testing and Analysis},
  series = {ISSTA '06},
  year = {2006},
  isbn = {1-59593-263-1},
  location = {Portland, Maine, USA},
  pages = {255--265},
  numpages = {11},
  url = {http://doi.acm.org/10.1145/1146238.1146268},
  doi = {10.1145/1146238.1146268},
  acmid = {1146268},
  publisher = {ACM},
  address = {New York, NY, USA},
  keywords = {C, C++, Java, abstract types, dynamic analysis, interaction, mixed-level analysis, type inference, units, values and variables},
  review = {cita o nome do software num contexto não relacionado ao software},
  really_refers_to_software = {no},
}

@inproceedings{821527,
  author = {U. Erlingsson and F. B. Schneider},
  booktitle = {DARPA Information Survivability Conference and Exposition, 2000. DISCEX '00. Proceedings},
  title = {SASI enforcement of security policies: a retrospective},
  year = {2000},
  volume = {2},
  pages = {287-295 vol.2},
  keywords = {Java;automata theory;security of data;Intel x86;Java JVML;SASI enforcement;Security Automata SFI Implementation;object code;security policies;target system;Control systems;Costs;Electrical capacitance tomography;Government;Hardware;Operating systems;Prototypes;Read-write memory;Security;Switches},
  doi = {10.1109/DISCEX.2000.821527},
  month = {},
  review = {cita o nome do software num contexto não relacionado ao software},
  really_refers_to_software = {no},
}

@inproceedings{Budimlic:2002:AC:583810.583822,
  author = {Budimlic, Zoran and Kennedy, Ken},
  title = {Almost-whole-program Compilation},
  booktitle = {Proceedings of the 2002 Joint ACM-ISCOPE Conference on Java Grande},
  series = {JGI '02},
  year = {2002},
  isbn = {1-58113-599-8},
  location = {Seattle, Washington, USA},
  pages = {104--111},
  numpages = {8},
  url = {http://doi.acm.org/10.1145/583810.583822},
  doi = {10.1145/583810.583822},
  acmid = {583822},
  publisher = {ACM},
  address = {New York, NY, USA},
  keywords = {Java, almost-whole-program compilation, incremental compilation, object-oriented optimization, whole-program compilation},
  review = {cita o nome do software num contexto não relacionado ao software},
  really_refers_to_software = {no},
}

@article{Bogda:1999:RUS:320385.320388,
  author = {Bogda, Jeff and H\"{o}lzle, Urs},
  title = {Removing Unnecessary Synchronization in Java},
  journal = {SIGPLAN Not.},
  issue_date = {Oct. 1999},
  volume = {34},
  number = {10},
  month = {October},
  year = {1999},
  issn = {0362-1340},
  pages = {35--46},
  numpages = {12},
  url = {http://doi.acm.org/10.1145/320385.320388},
  doi = {10.1145/320385.320388},
  acmid = {320388},
  publisher = {ACM},
  address = {New York, NY, USA},
  review = {cita o nome do software num contexto não relacionado ao software},
  really_refers_to_software = {no},
}

@inproceedings{Cordoba:2015:MLE:2695664.2695717,
  author = {C\'{o}rdoba, Irene and de Lara, Juan},
  title = {A Modelling Language for the Effective Design of Java Annotations},
  booktitle = {Proceedings of the 30th Annual ACM Symposium on Applied Computing},
  series = {SAC '15},
  year = {2015},
  isbn = {978-1-4503-3196-8},
  location = {Salamanca, Spain},
  pages = {2087--2092},
  numpages = {6},
  url = {http://doi.acm.org/10.1145/2695664.2695717},
  doi = {10.1145/2695664.2695717},
  acmid = {2695717},
  publisher = {ACM},
  address = {New York, NY, USA},
  keywords = {Java, annotations, code generation, domain-specific languages, model driven engineering},
  review = {cita o nome do software num contexto não relacionado ao software},
  really_refers_to_software = {no},
}

@inproceedings{6405359,
  author = {W. G. J. Halfond},
  booktitle = {2012 IEEE 23rd International Symposium on Software Reliability Engineering},
  title = {Automated Checking of Web Application Invocations},
  year = {2012},
  pages = {111-120},
  keywords = {Internet;program verification;HTTP based invocations;Web application invocations;automated checking;dynamic customized Web pages;Approximation methods;HTML;Java;Runtime;Switches;Syntactics;Target tracking;invocations;program analysis;verification;web applications},
  doi = {10.1109/ISSRE.2012.37},
  issn = {1071-9458},
  month = {Nov},
  review = {cita o nome do software num contexto não relacionado ao software},
  really_refers_to_software = {no},
}

@article{Wimmer:2013:MAV:2400682.2400689,
  author = {Wimmer, Christian and Haupt, Michael and Van De Vanter, Michael L. and Jordan, Mick and Dayn\`{e}s, Laurent and Simon, Douglas},
  title = {Maxine: An Approachable Virtual Machine for, and in, Java},
  journal = {ACM Trans. Archit. Code Optim.},
  issue_date = {January 2013},
  volume = {9},
  number = {4},
  month = {January},
  year = {2013},
  issn = {1544-3566},
  pages = {30:1--30:24},
  articleno = {30},
  numpages = {24},
  url = {http://doi.acm.org/10.1145/2400682.2400689},
  doi = {10.1145/2400682.2400689},
  acmid = {2400689},
  publisher = {ACM},
  address = {New York, NY, USA},
  keywords = {Java, Maxine VM, VM design, VM interfaces, debugging, inspector, metacircular VM, tool support},
  review = {não faz referência ao nome do software},
  really_refers_to_software = {no},
}

@article{Horie:2014:SDJ:2674025.2576210,
  author = {Horie, Michihiro and Ogata, Kazunori and Kawachiya, Kiyokuni and Onodera, Tamiya},
  title = {String Deduplication for Java-based Middleware in Virtualized Environments},
  journal = {SIGPLAN Not.},
  issue_date = {July 2014},
  volume = {49},
  number = {7},
  month = {March},
  year = {2014},
  issn = {0362-1340},
  pages = {177--188},
  numpages = {12},
  url = {http://doi.acm.org/10.1145/2674025.2576210},
  doi = {10.1145/2674025.2576210},
  acmid = {2576210},
  publisher = {ACM},
  address = {New York, NY, USA},
  keywords = {calling context, java, memory reduction, string allocation, string sharing},
  review = {não faz referência ao nome do software},
  really_refers_to_software = {no},
}

@inproceedings{5290852,
  author = {M. Schoeberl and W. Binder and P. Moret and A. Villazon},
  booktitle = {2009 Sixth International Conference on the Quantitative Evaluation of Systems},
  title = {Design Space Exploration for Java Processors with Cross-Profiling},
  year = {2009},
  pages = {109-118},
  keywords = {Java;computer architecture;embedded systems;optimising compilers;program diagnostics;virtual machines;Java processor architecture;chip size;cross profiling;design space exploration;embedded system;optimization;performance estimation;standard desktop Java virtual machine;Costs;Design optimization;Embedded system;Java;Phase estimation;Pipelines;Process design;Space exploration;Standards organizations;Virtual machining;Java virtual machine;cross-profiling;embedded systems;processor architecture evaluation},
  doi = {10.1109/QEST.2009.15},
  month = {Sept},
  review = {não faz referência ao nome do software},
  really_refers_to_software = {no},
}

@inproceedings{4634983,
  author = {W. Binder and M. Schoeberl and P. Moret and A. Villazòn},
  booktitle = {2008 Fifth International Conference on Quantitative Evaluation of Systems},
  title = {Cross-Profiling for Embedded Java Processors},
  year = {2008},
  pages = {287-296},
  keywords = {Java;embedded systems;Java bytecode instrumentation;cross-profiling;embedded Java processors;embedded systems;execution time hot spots;execution time metrics;resource-constrained systems;Computational modeling;Embedded software;Embedded system;Hardware;Instruction sets;Instruments;Java;Real time systems;Virtual machining;Yield estimation;Cross-profiling;bytecode instrumentation;embedded Java processors;platform-independent dynamic metrics},
  doi = {10.1109/QEST.2008.39},
  month = {Sept},
  review = {não faz referência ao nome do software},
  really_refers_to_software = {no},
}

@article{587551,
  author = {C. H. A. Hsieh and M. T. Conte and T. L. Johnson and J. C. Gyllenhaal and W. M. W. Hwu},
  journal = {Computer},
  title = {Compilers for improved Java performance},
  year = {1997},
  volume = {30},
  number = {6},
  pages = {67-75},
  keywords = {object-oriented languages;object-oriented programming;optimising compilers;program interpreters;C programs;C++ programs;Java executables;Microsoft Java just-in-time compiler;NET-compiled code performance;Sun Java VM;byte-code execution methods;improved Java performance;large application programs;native executable translation compiler;native machine code;optimized Java byte-code translation;optimizing NET compiler;standard benchmarks;Computational modeling;Costs;Hardware;Java;Optimizing compilers;Program processors;Software performance;Software standards;Standards development;Virtual manufacturing},
  doi = {10.1109/2.587551},
  issn = {0018-9162},
  month = {Jun},
  review = {cita o nome do software ocorre num contexto não relacionado do software},
  really_refers_to_software = {no},
}

@book{6813266,
  author = {Samuel Midkiff},
  booktitle = {Automatic Parallelization:An Overview of Fundamental Compiler Techniques},
  title = {Automatic Parallelization:An Overview of Fundamental Compiler Techniques},
  year = {2012},
  pages = {169-},
  doi = {10.2200/S00340ED1V01Y201201CAC019},
  publisher = {Morgan \& Claypool},
  isbn = {9781608458424},
  url = {http://ieeexplore.ieee.org/xpl/articleDetails.jsp?arnumber=6813266},
  review = {não faz referência ao nome do software},
  really_refers_to_software = {no},
}

@article{Ruf:2000:ESR:358438.349327,
  author = {Ruf, Erik},
  title = {Effective Synchronization Removal for Java},
  journal = {SIGPLAN Not.},
  issue_date = {May 2000},
  volume = {35},
  number = {5},
  month = {May},
  year = {2000},
  issn = {0362-1340},
  pages = {208--218},
  numpages = {11},
  url = {http://doi.acm.org/10.1145/358438.349327},
  doi = {10.1145/358438.349327},
  acmid = {349327},
  publisher = {ACM},
  address = {New York, NY, USA},
  review = {cita o nome do software num contexto não relacionado ao software},
  really_refers_to_software = {no},
}

@article{Wimmer:2010:AFO:1839667.1839669,
  author = {Wimmer, Christian and M\"{o}ssenb\"{o}sck, Hanspeter},
  title = {Automatic Feedback-directed Object Fusing},
  journal = {ACM Trans. Archit. Code Optim.},
  issue_date = {September 2010},
  volume = {7},
  number = {2},
  month = {October},
  year = {2010},
  issn = {1544-3566},
  pages = {7:1--7:35},
  articleno = {7},
  numpages = {35},
  url = {http://doi.acm.org/10.1145/1839667.1839669},
  doi = {10.1145/1839667.1839669},
  acmid = {1839669},
  publisher = {ACM},
  address = {New York, NY, USA},
  keywords = {Java, cache performance, garbage collection, just-in-time compilation, object colocation, object fusing, object inlining, optimization},
  review = {cita o nome do software num contexto não relacionado ao software},
  really_refers_to_software = {no},
}

@inproceedings{7467350,
  author = {B. Mood and D. Gupta and H. Carter and K. Butler and P. Traynor},
  booktitle = {2016 IEEE European Symposium on Security and Privacy (EuroS P)},
  title = {Frigate: A Validated, Extensible, and Efficient Compiler and Interpreter for Secure Computation},
  year = {2016},
  pages = {112-127},
  keywords = {data structures;program compilers;security of data;Frigate;circuit compilers;circuit interpreter;compiler design;compiler systems;internal compiler state;principled compiler;secure computation research;standard data structures;Generators;Logic gates;Program processors;Protocols;Standards;Testing;Wires;Compilers;Secure Computation},
  doi = {10.1109/EuroSP.2016.20},
  month = {March},
  review = {cita o nome do software num contexto não relacionado ao software},
  really_refers_to_software = {no},
}

@inproceedings{1385954,
  author = {C. S. Ananian and K. Asanovic and B. C. Kuszmaul and C. E. Leiserson and S. Lie},
  booktitle = {11th International Symposium on High-Performance Computer Architecture},
  title = {Unbounded transactional memory},
  year = {2005},
  pages = {316-327},
  keywords = {digital simulation;storage management;transaction processing;Java programs;LTM;Linux 2.4.19 kernel;SPECjvm98 Java benchmarks;UTM;cycle-accurate simulation;hardware transactional memory;unbounded transactional memory;virtual memory;Artificial intelligence;Computer science;Hardware;Java;Kernel;Linux;Protocols;Transaction databases;Turing machines;Yarn},
  doi = {10.1109/HPCA.2005.41},
  issn = {1530-0897},
  month = {Feb},
  review = {cita o nome do software ocorre num contexto não relacionado do software},
  really_refers_to_software = {no},
}

@inproceedings{7194609,
  author = {C. Sadowski and J. v. Gogh and C. Jaspan and E. Söderberg and C. Winter},
  booktitle = {2015 IEEE/ACM 37th IEEE International Conference on Software Engineering},
  title = {Tricorder: Building a Program Analysis Ecosystem},
  year = {2015},
  volume = {1},
  pages = {598-608},
  keywords = {ecology;program diagnostics;software architecture;Google;code readability;codebases;developer workflow;program analysis ecosystem;scalable architecture;static analysis tools;tricorder;Buildings;Computer bugs;Ecosystems;Google;Java;Libraries;Usability;program analysis;static analysis},
  doi = {10.1109/ICSE.2015.76},
  issn = {0270-5257},
  month = {May},
  review = {apresenta a plataforma tricorder, para análise de programas com objetivo de construir um ecosistema de dados de análise de programas, usa o software como um dos diversos analisadores estáticos integrados na plataforma},
  really_refers_to_software = {yes},
  contribution_weight = {0.25},
}

@inproceedings{7503729,
  author = {Bo Zhang and V. Tenev and M. Becker},
  booktitle = {2016 IEEE 24th International Conference on Program Comprehension (ICPC)},
  title = {Android build dependency analysis},
  year = {2016},
  pages = {1-4},
  keywords = {Android (operating system);program diagnostics;software maintenance;Android build dependency structure analysis;build system maintenance;executable software artefacts;software projects;source code evolution;tool support;Androids;Buildings;Complexity theory;Humanoid robots;Instruments;Software;Visualization;Android Build System;Build Dependency;Visualization},
  doi = {10.1109/ICPC.2016.7503729},
  month = {May},
  review = {cita o nome do software num contexto não relacionado ao software},
  really_refers_to_software = {no},
}

@inproceedings{5649169,
  author = {N. Ioannou and J. Singer and S. Khan and P. Xekalakis and P. Yiapanis and A. Pocock and G. Brown and M. Luján and I. Watson and M. Cintra},
  booktitle = {Workload Characterization (IISWC), 2010 IEEE International Symposium on},
  title = {Toward a more accurate understanding of the limits of the TLS execution paradigm},
  year = {2010},
  pages = {1-12},
  keywords = {checkpointing;data handling;parallel programming;program compilers;resource allocation;TLS execution paradigm;architectural constraint;compiler development;data dependence;load imbalance;parallel thread;programming style;thread-level speculation;Benchmark testing;Instruction sets;Java;Optimization;Programming;Synchronization},
  doi = {10.1109/IISWC.2010.5649169},
  month = {Dec},
  review = {cita o nome do software num contexto não relacionado ao software},
  really_refers_to_software = {no},
}

@inproceedings{Nanz:2015:CSP:2818754.2818848,
  author = {Nanz, Sebastian and Furia, Carlo A.},
  title = {A Comparative Study of Programming Languages in Rosetta Code},
  booktitle = {Proceedings of the 37th International Conference on Software Engineering - Volume 1},
  series = {ICSE '15},
  year = {2015},
  isbn = {978-1-4799-1934-5},
  location = {Florence, Italy},
  pages = {778--788},
  numpages = {11},
  url = {http://dl.acm.org/citation.cfm?id=2818754.2818848},
  acmid = {2818848},
  publisher = {IEEE Press},
  address = {Piscataway, NJ, USA},
  review = {não faz referência ao nome do software},
  really_refers_to_software = {no},
}

@article{4292053,
  author = {T. Harris and A. Cristal and O. S. Unsal and E. Ayguade and F. Gagliardi and B. Smith and M. Valero},
  journal = {IEEE Micro},
  title = {Transactional Memory: An Overview},
  year = {2007},
  volume = {27},
  number = {3},
  pages = {8-29},
  keywords = {distributed shared memory systems;parallel programming;storage management;mainstream programming;multicore chip multiprocessors;parallel code modification;shared memory systems;transactional memory;Computer errors;Concurrent computing;Microprocessors;Multicore processing;Parallel processing;Programming profession;Protection;Scalability;Writing;memory architecture;multithreading;parallel programming;transactional memory},
  doi = {10.1109/MM.2007.63},
  issn = {0272-1732},
  month = {May},
  review = {não faz referência ao nome do software},
  really_refers_to_software = {no},
}

@inproceedings{Kaufmann:2011:JVM:2093157.2093161,
  author = {Kaufmann, Marco and H\"{a}sing, Matthias and Preu\sser, Thomas and Spallek, Rainer},
  title = {The Java Virtual Machine in Retargetable, High-performance Instruction Set Simulation},
  booktitle = {Proceedings of the 9th International Conference on Principles and Practice of Programming in Java},
  series = {PPPJ '11},
  year = {2011},
  isbn = {978-1-4503-0935-6},
  location = {Kongens Lyngby, Denmark},
  pages = {21--30},
  numpages = {10},
  url = {http://doi.acm.org/10.1145/2093157.2093161},
  doi = {10.1145/2093157.2093161},
  acmid = {2093161},
  publisher = {ACM},
  address = {New York, NY, USA},
  keywords = {Java, dynamic binary translation, instruction set simulation, retargetable, virtualization},
  review = {cita o nome do software num contexto não relacionado ao software},
  really_refers_to_software = {no},
}

@inproceedings{4145117,
  author = {M. Fulton and M. Stoodley},
  booktitle = {International Symposium on Code Generation and Optimization (CGO'07)},
  title = {Compilation Techniques for Real-Time Java Programs},
  year = {2007},
  pages = {221-231},
  keywords = {Java;formal specification;program compilers;storage management;virtual machines;IBM WebSphere real time product;Java real-time specification;Java virtual machine;Metronome deterministic garbage collector;SPECjbb2000;SPECjbb2005;SPECjvm98 benchmark suite;Testarossa compiler;ahead-of-time compiler;just-in-time compiler;program compilation;real-time Java programs;Computer languages;Costs;Java;Optimizing compilers;Production;Programming profession;Real time systems;Safety;Testing;Yarn},
  doi = {10.1109/CGO.2007.5},
  month = {March},
  review = {cita o nome do software ocorre num contexto não relacionado do software},
  really_refers_to_software = {no},
}

@article{Humer:2014:DLB:2775053.2658776,
  author = {Humer, Christian and Wimmer, Christian and Wirth, Christian and W\"{o}\ss, Andreas and W\"{u}rthinger, Thomas},
  title = {A Domain-specific Language for Building Self-optimizing AST Interpreters},
  journal = {SIGPLAN Not.},
  issue_date = {March 2015},
  volume = {50},
  number = {3},
  month = {September},
  year = {2014},
  issn = {0362-1340},
  pages = {123--132},
  numpages = {10},
  url = {http://doi.acm.org/10.1145/2775053.2658776},
  doi = {10.1145/2775053.2658776},
  acmid = {2658776},
  publisher = {ACM},
  address = {New York, NY, USA},
  keywords = {Java, domain-specific languages, dynamic languages, language implementation, self-optimizing programs},
  review = {cita o nome do software num contexto não relacionado ao software},
  really_refers_to_software = {no},
}

@inproceedings{7884617,
  author = {C. V. Alexandru and S. Panichella and H. C. Gall},
  booktitle = {2017 IEEE 24th International Conference on Software Analysis, Evolution and Reengineering (SANER)},
  title = {Reducing redundancies in multi-revision code analysis},
  year = {2017},
  pages = {148-159},
  keywords = {program diagnostics;software development management;software metrics;software tools;LISA;basic code metrics;code analysis tools;internal code representation;multilanguage code analysis;multirevision code analysis;programming ecosystem;programming languages;redundancy reduction;resources requirements;software engineering research;software projects;Computer languages;Ecosystems;Measurement;Metadata;Programming;Redundancy;Software},
  doi = {10.1109/SANER.2017.7884617},
  month = {Feb},
  review = {cita o nome do software num contexto não relacionado ao software},
  really_refers_to_software = {no},
}

@inproceedings{6392098,
  author = {E. Aftandilian and R. Sauciuc and S. Priya and S. Krishnan},
  booktitle = {2012 IEEE 12th International Working Conference on Source Code Analysis and Manipulation},
  title = {Building Useful Program Analysis Tools Using an Extensible Java Compiler},
  year = {2012},
  pages = {14-23},
  keywords = {Java;program compilers;program diagnostics;program testing;public domain software;Google-sized projects;JAR file sizes;Java IDE;Java dependencies;Thindex;ad-hoc fashion;ad-hoc tools;brittle technologies;customized tools;extensible Java compiler;program analysis tools;software companies;source-code analysis;testing load;third-party open-source extensible compiler;Buildings;Computer bugs;Google;Java;Libraries;Maintenance engineering;Testing;bug finding;compilers;dependency checking;indexing;static analysis},
  doi = {10.1109/SCAM.2012.28},
  month = {Sept},
  review = {é o mesmo artigo que publicou o software},
  really_refers_to_software = {no},
}

@inproceedings{4362901,
  author = {W. Binder and J. Hulaas and P. Moret},
  booktitle = {Seventh IEEE International Working Conference on Source Code Analysis and Manipulation (SCAM 2007)},
  title = {Reengineering Standard Java Runtime Systems through Dynamic Bytecode Instrumentation},
  year = {2007},
  pages = {91-100},
  keywords = {Java;computer bootstrapping;software libraries;systems re-engineering;virtual machines;Java dynamic bytecode instrumentation;bootstrapping;context-sensitive profiling;standard Java runtime system reengineering;Code standards;Communication standards;Dynamic programming;Informatics;Instruments;Java;Libraries;Manipulator dynamics;Performance analysis;Runtime;JVM;Java;aspect-oriented programming;dynamic bytecode instrumentation;dynamic metrics;profiling;program transformations},
  doi = {10.1109/SCAM.2007.20},
  month = {Sept},
  review = {cita o nome do software num contexto não relacionado ao software},
  really_refers_to_software = {no},
}

@article{Lhotak:2008:RAB:1377492.1377494,
  author = {Lhot\'{a}k, Ond\v{r}ej and Hendren, Laurie},
  title = {Relations As an Abstraction for BDD-based Program Analysis},
  journal = {ACM Trans. Program. Lang. Syst.},
  issue_date = {July 2008},
  volume = {30},
  number = {4},
  month = {August},
  year = {2008},
  issn = {0164-0925},
  pages = {19:1--19:63},
  articleno = {19},
  numpages = {63},
  url = {http://doi.acm.org/10.1145/1377492.1377494},
  doi = {10.1145/1377492.1377494},
  acmid = {1377494},
  publisher = {ACM},
  address = {New York, NY, USA},
  keywords = {Binary decision diagrams, Boolean formula satisfiability, Java, language design, physical domain assignment, points-to analysis, program analysis, relations},
  review = {cita o nome do software num contexto não relacionado ao software},
  really_refers_to_software = {no},
}

@inproceedings{5076648,
  author = {P. Fritzson and A. Pop and D. Broman and P. Aronsson},
  booktitle = {2009 Australian Software Engineering Conference},
  title = {Formal Semantics Based Translator Generation and Tool Development in Practice},
  year = {2009},
  pages = {256-266},
  keywords = {Java;formal specification;program compilers;program interpreters;specification languages;Eclipse plug-in;Java;formal specification;generator tool;high level descriptions;natural semantics;object-oriented programming;operational semantics;program compiler;relational meta language;translator generation;Computer languages;Equations;Formal specifications;Industrial relations;Information science;Java;Object oriented modeling;Production;Program processors;Software engineering;Compiler;Generation;Semantics;Specification;Translator},
  doi = {10.1109/ASWEC.2009.46},
  issn = {1530-0803},
  month = {April},
  review = {não faz referência ao nome do software},
  really_refers_to_software = {no},
}

@inproceedings{1016507,
  author = {T. Smith and S. Srinivas and P. Tomsich and Jinpyo Park},
  booktitle = {Proceedings 16th International Parallel and Distributed Processing Symposium},
  title = {Experiences with retargeting the Java HotSpot virtual machine},
  year = {2002},
  pages = {9 pp-},
  keywords = {Hardware;Java;Memory management;Operating systems;Production;Programming environments;Sun;Virtual machining;Virtual manufacturing;Yarn},
  doi = {10.1109/IPDPS.2002.1016507},
  month = {April},
  review = {cita o nome do software num contexto não relacionado ao software},
  really_refers_to_software = {no},
}

@inproceedings{4344121,
  author = {S. A. Irvine and T. Pavlinic and L. Trigg and J. G. Cleary and S. Inglis and M. Utting},
  booktitle = {Testing: Academic and Industrial Conference Practice and Research Techniques - MUTATION (TAICPART-MUTATION 2007)},
  title = {Jumble Java Byte Code to Measure the Effectiveness of Unit Tests},
  year = {2007},
  pages = {169-175},
  keywords = {Java;optimisation;program testing;public domain software;software tools;JUnit;Java;Jumble;agile programming environment;byte code level mutation testing tool;class path handling;heuristics;open source;subsequent mutation checking;Genetic mutations;Investments;Java;Programming environments;Programming profession;Reflection;Software testing;System testing;Tin;Writing},
  doi = {10.1109/TAIC.PART.2007.38},
  month = {Sept},
  review = {cita o nome do software num contexto não relacionado ao software},
  really_refers_to_software = {no},
}

@inproceedings{4032334,
  author = {F. Pizlo and J. Vitek},
  booktitle = {2006 27th IEEE International Real-Time Systems Symposium (RTSS'06)},
  title = {An Emprical Evaluation of Memory Management Alternatives for Real-Time Java},
  year = {2006},
  pages = {35-46},
  keywords = {Java;real-time systems;storage management;memory management;real-time Java;real-time garbage collection;real-time specification;scoped memory interface;usability;Aerospace electronics;Computational modeling;Delay;Java;Memory management;Real time systems;Safety;Throughput;Usability;Yarn},
  doi = {10.1109/RTSS.2006.9},
  issn = {1052-8725},
  month = {Dec},
  review = {o nome do software ocorre num contexto não relacionado ao software},
  really_refers_to_software = {no},
}

@inproceedings{Lahoda:2012:CDR:2328876.2328886,
  author = {Lahoda, Jan and Be\v{c}i\v{c}ka, Jan and Ruijs, Ralph Benjamin},
  title = {Custom Declarative Refactoring in NetBeans: Tool Demonstration},
  booktitle = {Proceedings of the Fifth Workshop on Refactoring Tools},
  series = {WRT '12},
  year = {2012},
  isbn = {978-1-4503-1500-5},
  location = {Rapperswil, Switzerland},
  pages = {63--64},
  numpages = {2},
  url = {http://doi.acm.org/10.1145/2328876.2328886},
  doi = {10.1145/2328876.2328886},
  acmid = {2328886},
  publisher = {ACM},
  address = {New York, NY, USA},
  keywords = {Java, refactoring, transformation engine},
  review = {cita o nome do software num contexto não relacionado ao software},
  really_refers_to_software = {no},
}

@article{Porter:2014:PFI:2688877.2638548,
  author = {Porter, Donald E. and Bond, Michael D. and Roy, Indrajit and Mckinley, Kathryn S. and Witchel, Emmett},
  title = {Practical Fine-Grained Information Flow Control Using Laminar},
  journal = {ACM Trans. Program. Lang. Syst.},
  issue_date = {January 2015},
  volume = {37},
  number = {1},
  month = {November},
  year = {2014},
  issn = {0164-0925},
  pages = {4:1--4:51},
  articleno = {4},
  numpages = {51},
  url = {http://doi.acm.org/10.1145/2638548},
  doi = {10.1145/2638548},
  acmid = {2638548},
  publisher = {ACM},
  address = {New York, NY, USA},
  keywords = {Information flow control, Java virtual machine, operating systems, security method},
  review = {cita o nome do software num contexto não relacionado ao software},
  really_refers_to_software = {no},
}

@article{Altidor:2014:RJG:2714064.2660203,
  author = {Altidor, John and Smaragdakis, Yannis},
  title = {Refactoring Java Generics by Inferring Wildcards, in Practice},
  journal = {SIGPLAN Not.},
  issue_date = {October 2014},
  volume = {49},
  number = {10},
  month = {October},
  year = {2014},
  issn = {0362-1340},
  pages = {271--290},
  numpages = {20},
  url = {http://doi.acm.org/10.1145/2714064.2660203},
  doi = {10.1145/2714064.2660203},
  acmid = {2660203},
  publisher = {ACM},
  address = {New York, NY, USA},
  keywords = {definition-site variance, generics, polymorphism, refactoring, use-site variance, variance, wildcards},
  review = {cita o nome do software num contexto não relacionado ao software},
  really_refers_to_software = {no},
}

@inproceedings{Spring:2007:SHS:1297027.1297043,
  author = {Spring, Jesper H. and Privat, Jean and Guerraoui, Rachid and Vitek, Jan},
  title = {Streamflex: High-throughput Stream Programming in Java},
  booktitle = {Proceedings of the 22Nd Annual ACM SIGPLAN Conference on Object-oriented Programming Systems and Applications},
  series = {OOPSLA '07},
  year = {2007},
  isbn = {978-1-59593-786-5},
  location = {Montreal, Quebec, Canada},
  pages = {211--228},
  numpages = {18},
  url = {http://doi.acm.org/10.1145/1297027.1297043},
  doi = {10.1145/1297027.1297043},
  acmid = {1297043},
  publisher = {ACM},
  address = {New York, NY, USA},
  keywords = {java virtual machine, memory management, ownership types, real-time systems, stream processing},
  review = {cita o nome do software num contexto não relacionado ao software},
  really_refers_to_software = {no},
}

@article{Back:2005:KJR:1075382.1075383,
  author = {Back, Godmar and Hsieh, Wilson C.},
  title = {The KaffeOS Java Runtime System},
  journal = {ACM Trans. Program. Lang. Syst.},
  issue_date = {July 2005},
  volume = {27},
  number = {4},
  month = {July},
  year = {2005},
  issn = {0164-0925},
  pages = {583--630},
  numpages = {48},
  url = {http://doi.acm.org/10.1145/1075382.1075383},
  doi = {10.1145/1075382.1075383},
  acmid = {1075383},
  publisher = {ACM},
  address = {New York, NY, USA},
  keywords = {Robustness, garbage collection, isolation, language runtimes, resource management, termination, virtual machines},
  review = {cita o nome do software num contexto não relacionado ao software},
  really_refers_to_software = {no},
}

@inproceedings{857515,
  author = {J. L. Lawall and G. Muller},
  booktitle = {Proceeding International Conference on Dependable Systems and Networks. DSN 2000},
  title = {Efficient incremental checkpointing of Java programs},
  year = {2000},
  pages = {61-70},
  keywords = {Java;data structures;object-oriented programming;software fault tolerance;software performance evaluation;system recovery;Java programs;automatic program specialization;benchmarks;data structures;execution overhead;incremental checkpointing;object oriented programming;optimization;performance evaluation;program analysis;software metric;Checkpointing;Data structures;Electrical capacitance tomography;Encapsulation;Engines;Java;Object oriented programming;Optimization methods;Programming profession;Velocity measurement},
  doi = {10.1109/ICDSN.2000.857515},
  month = {},
  review = {cita o nome do software ocorre num contexto não relacionado do software},
  really_refers_to_software = {no},
}

