@article{933434,
  author = {P. de Sousa},
  journal = {IEEE Communications Magazine},
  title = {Report on the 1ST 2000: the information society technologies event},
  year = {2001},
  volume = {39},
  number = {7},
  pages = {58-59},
  keywords = {Bandwidth;Clouds;Communications technology;Educational institutions;Ethernet networks;Guidelines;IP networks;Next generation networking;Technological innovation;Web and internet services},
  doi = {10.1109/MCOM.2001.933434},
  issn = {0163-6804},
  month = {Jul},
  review = {não faz referência ao nome do software},
  really_refers_to_software = {no},
}

@inproceedings{4026850,
  author = {V. P. Ranganath and J. Hatcliff},
  booktitle = {2006 Sixth IEEE International Workshop on Source Code Analysis and Manipulation},
  title = {An Overview of the Indus Framework for Analysis and Slicing of Concurrent Java Software (Keynote Talk - Extended Abstract)},
  year = {2006},
  pages = {3-7},
  keywords = {Application software;Concurrent computing;Displays;Graphical user interfaces;Information analysis;Java;Robustness;Software debugging;Software maintenance;Software testing},
  doi = {10.1109/SCAM.2006.3},
  month = {Sept},
  review = {é o mesmo artigo que publicou o software},
  really_refers_to_software = {no},
}

@article{Huang:2012:LSC:2398857.2384649,
  author = {Huang, Jeff and Zhang, Charles},
  title = {LEAN: Simplifying Concurrency Bug Reproduction via Replay-supported Execution Reduction},
  journal = {SIGPLAN Not.},
  issue_date = {October 2012},
  volume = {47},
  number = {10},
  month = {October},
  year = {2012},
  issn = {0362-1340},
  pages = {451--466},
  numpages = {16},
  url = {http://doi.acm.org/10.1145/2398857.2384649},
  doi = {10.1145/2398857.2384649},
  acmid = {2384649},
  publisher = {ACM},
  address = {New York, NY, USA},
  keywords = {concurrency defect, execution reduction, replay},
  review = {implementa um algoritmo de 'slicing' com base no software Indus},
  really_refers_to_software = {yes},
  contribution_weight = {0.25},
}

@inproceedings{Zhang:2009:FAA:1555001.1555053,
  author = {Zhang, Charles},
  title = {FlexSync: An Aspect-oriented Approach to Java Synchronization},
  booktitle = {Proceedings of the 31st International Conference on Software Engineering},
  series = {ICSE '09},
  year = {2009},
  isbn = {978-1-4244-3453-4},
  pages = {375--385},
  numpages = {11},
  url = {http://dx.doi.org/10.1109/ICSE.2009.5070537},
  doi = {10.1109/ICSE.2009.5070537},
  acmid = {1555053},
  publisher = {IEEE Computer Society},
  address = {Washington, DC, USA},
  review = {implementa uma nova ferramenta usando o software Indus como base},
  really_refers_to_software = {yes},
  contribution_weight = {0.25},
}

@inproceedings{6462726,
  author = {X. Wu and J. Wei and X. Wang},
  booktitle = {2012 19th Asia-Pacific Software Engineering Conference},
  title = {Debug Concurrent Programs with Visualization and Inference of Event Structure},
  year = {2012},
  volume = {1},
  pages = {683-692},
  keywords = {Java;concurrency control;program debugging;program diagnostics;program visualisation;public domain software;Bandera;Indus;JESVisT tool;Java event structure visualization tool;Java program;bug report;concurrency bug;concurrent program;concurrent system;debugging method;debugging technique;event structure model;failure reproduction cost;graph visualization;open-source project;postmortem debugging;program behavior;slicing technique;static analysis;Computer bugs;Concurrent computing;Debugging;Java;Software;Testing;Visualization;Debug;concurrent programs;event structure;visualization},
  doi = {10.1109/APSEC.2012.134},
  issn = {1530-1362},
  month = {Dec},
  review = {publica uma ferramenta JESVisT usando Bandera e Indus, cita dois artigos nas referencias sobre o software Indus},
  really_refers_to_software = {yes},
  contribution_weight = {0.25},
}

