@INPROCEEDINGS{4609423,
  author={N. Ubayashi and Y. Sato and A. Sakai and T. Tamai},
  booktitle={2008 Sixth International Conference on Software Engineering Research, Management and Applications},
  title={Alloy-Based Lightweight Verification for Aspect-Oriented Architecture},
  year={2008},
  pages={171-178},
  keywords={Java;program verification;software architecture;AOP language;alloy-based lightweight verification;architecture description language;aspect-oriented architecture;ccJava;component-and-connector architecture;relational logic;structural modeling language;weaving-interface mechanism;Architecture description languages;Computer architecture;Conference management;Engineering management;Java;Logic;Programming profession;Software engineering;Technology management;Weaving;AOP;Alloy;Component-and-connector architecture;Verification},
  doi={10.1109/SERA.2008.12},
  month={Aug},
}
