@inproceedings{Ubayashi:2007:AWM:1321631.1321656,
  author = {Ubayashi, Naoyasu and Sakai, Akihiro and Tamai, Tetsuo},
  title = {An Aspect-oriented Weaving Mechanism Based on Component and Connector Architecture},
  booktitle = {Proceedings of the Twenty-second IEEE/ACM International Conference on Automated Software Engineering},
  series = {ASE '07},
  year = {2007},
  isbn = {978-1-59593-882-4},
  location = {Atlanta, Georgia, USA},
  pages = {154--163},
  numpages = {10},
  url = {http://doi.acm.org/10.1145/1321631.1321656},
  doi = {10.1145/1321631.1321656},
  acmid = {1321656},
  publisher = {ACM},
  address = {New York, NY, USA},
  keywords = {component and connector architecture, information hiding, interface, weaving},
  review={artigo selecionado na revis√£o estruturada},
  really_refers_to_software={yes},
  reference_weight={1},
}
