@inproceedings{Song:2012:PCM:2351676.2351743,
  author = {Song, Fu and Touili, Tayssir},
  title = {PuMoC: A CTL Model-checker for Sequential Programs},
  booktitle = {Proceedings of the 27th IEEE/ACM International Conference on Automated Software Engineering},
  series = {ASE 2012},
  year = {2012},
  isbn = {978-1-4503-1204-2},
  location = {Essen, Germany},
  pages = {346--349},
  numpages = {4},
  url = {http://doi.acm.org/10.1145/2351676.2351743},
  doi = {10.1145/2351676.2351743},
  acmid = {2351743},
  publisher = {ACM},
  address = {New York, NY, USA},
  keywords = {Branching-time Temporal Logic, Model-Checking, Pushdown Systems, Software Model-Checking},
  review={mesmo artigo selecionado na revisão estruturada},
  really_refers_to_software={yes},
  contribution_weight={1},
  step={structured-review},
}

@inproceedings{Song:2013:PPM:2491411.2494599,
  author = {Song, Fu and Touili, Tayssir},
  title = {PoMMaDe: Pushdown Model-checking for Malware Detection},
  booktitle = {Proceedings of the 2013 9th Joint Meeting on Foundations of Software Engineering},
  series = {ESEC/FSE 2013},
  year = {2013},
  isbn = {978-1-4503-2237-9},
  location = {Saint Petersburg, Russia},
  pages = {607--610},
  numpages = {4},
  url = {http://doi.acm.org/10.1145/2491411.2494599},
  doi = {10.1145/2491411.2494599},
  acmid = {2494599},
  publisher = {ACM},
  address = {New York, NY, USA},
  keywords = {Malware Detection, Model-Checking, Pushdown Systems},
  review={cita o software como trabalho relacionado},
  really_refers_to_software={yes},
  contribution_weight={0},
}

@inproceedings{Lakshmanan:2002:GMA:1287369.1287435,
  author = {Lakshmanan, Laks V. S. and Ng, Raymond T. and Wang, Christine Xing and Zhou, Xiaodong and Johnson, Theodore J.},
  title = {The Generalized MDL Approach for Summarization},
  booktitle = {Proceedings of the 28th International Conference on Very Large Data Bases},
  series = {VLDB '02},
  year = {2002},
  location = {Hong Kong, China},
  pages = {766--777},
  numpages = {12},
  url = {http://dl.acm.org/citation.cfm?id=1287369.1287435},
  acmid = {1287435},
  publisher = {VLDB Endowment},
  review={não faz referência ao nome do software},
  really_refers_to_software={no},
}
