@INPROCEEDINGS{6494952,
  author={F. Song and T. Touili},
  booktitle={2012 Proceedings of the 27th IEEE/ACM International Conference on Automated Software Engineering},
  title={PuMoC: a CTL model-checker for sequential programs},
  year={2012},
  pages={346-349},
  keywords={C++ language;Java;formal verification;C-C++ language;CTL model checker;Java program;PuMoC model checker;Windows driver;atomic proposition;data flow analysis;pushdown system;Branching-time Temporal Logic;Model-Checking;Pushdown Systems;Software Model-Checking},
  doi={10.1145/2351676.2351743},
  month={Sept},
  review={mesmo artigo selecionado na revis√£o estruturada},
  really_refers_to_software={yes},
  contribution_weight={10},
  step={structured-review},
}
