@INPROCEEDINGS{7781801, 
  author={Q. Sti√©venart and M. Vandercammen and W. D. Meuter and C. D. Roover}, 
  booktitle={2016 IEEE 16th International Working Conference on Source Code Analysis and Manipulation (SCAM)}, 
  title={Scala-AM: A Modular Static Analysis Framework}, 
  year={2016}, 
  volume={}, 
  number={}, 
  pages={85-90}, 
  keywords={program compilers;program diagnostics;programming languages;SCALA-AM;abstract machines;abstract values;language designers;machine abstraction;modular static analysis framework;operational semantics;static analysis;systematic abstraction;Active appearance model;Concrete;Lattices;Machinery;Reactive power;Semantics;Systematics;abstract interpretation;framework;static analysis}, 
  doi={10.1109/SCAM.2016.14}, 
  ISSN={}, 
  month={Oct},
}
