@inproceedings{Thummalapenta:2007:PPA:1321631.1321663,
  author = {Thummalapenta, Suresh and Xie, Tao},
  title = {Parseweb: A Programmer Assistant for Reusing Open Source Code on the Web},
  booktitle = {Proceedings of the Twenty-second IEEE/ACM International Conference on Automated Software Engineering},
  series = {ASE '07},
  year = {2007},
  isbn = {978-1-59593-882-4},
  location = {Atlanta, Georgia, USA},
  pages = {204--213},
  numpages = {10},
  url = {http://doi.acm.org/10.1145/1321631.1321663},
  doi = {10.1145/1321631.1321663},
  acmid = {1321663},
  publisher = {ACM},
  address = {New York, NY, USA},
  keywords = {code examples, code reuse, code search engine, ranking code samples},
}
