@ARTICLE{199901, 
author={D. L. Jones}, 
journal={IEEE Transactions on Circuits and Systems II: Analog and Digital Signal Processing}, 
title={Learning characteristics of transpose-form LMS adaptive filters}, 
year={1992}, 
volume={39}, 
number={10}, 
pages={745-749}, 
keywords={adaptive filters;digital filters;least squares approximations;parallel architectures;FIR filters;delayed-update LMS adaptive filters;maximum convergence factor;parallel implementation;transpose-form LMS adaptive filters;Adaptive equalizers;Adaptive filters;Adders;Algorithm design and analysis;Concurrent computing;Convergence;Delay;Finite impulse response filter;Least squares approximation;Signal processing algorithms}, 
doi={10.1109/82.199901}, 
ISSN={1057-7130}, 
month={Oct},}
@ARTICLE{251181, 
author={Z. Weissman and A. Hardy}, 
journal={Journal of Lightwave Technology}, 
title={Modes of periodically segmented waveguides}, 
year={1993}, 
volume={11}, 
number={11}, 
pages={1831-1838}, 
keywords={integrated optics;optical couplers;optical losses;optical waveguide theory;beam-propagation method;coupled-mode theory;design;frequency-selective couplers;grating waveguide;guided modes;lens waveguide;modal effective indices;modal properties;periodically segmented waveguides;radiation loss;two-dimensional mode tapers;waveguide devices;waveguide parameters;Couplers;Eigenvalues and eigenfunctions;Frequency;Optical coupling;Optical propagation;Propagation losses;Refractive index;Slabs;Waveguide components;Waveguide theory}, 
doi={10.1109/50.251181}, 
ISSN={0733-8724}, 
month={Nov},}
@INPROCEEDINGS{528572, 
author={B. Faure and S. Bozinoski and P. Gounon and F. Verniol and F. Vial}, 
booktitle={OCEANS '95. MTS/IEEE. Challenges of Our Changing Global Environment. Conference Proceedings.}, 
title={Acoustic propagation analysis near the first Central Atlantic convergence area}, 
year={1995}, 
volume={2}, 
number={}, 
pages={1061-1064 vol.2}, 
keywords={oceanographic regions;underwater sound;Azores;Central Atlantic convergence area;North Atlantic;acoustic propagation;acoustics;energetic arrivals;ocean;propagation rays;sea;spatio-temporal analysis;temporal distribution;underwater sound;Acoustic propagation;Boats;Convergence;Frequency;Predictive models;Ray tracing;Sensor arrays;Signal resolution;Sonar equipment;Transmitters}, 
doi={10.1109/OCEANS.1995.528572}, 
ISSN={}, 
month={Oct},}
@INPROCEEDINGS{646602, 
author={Huy Nguyen and R. Roy and A. Chatterjee}, 
booktitle={Proceedings Eleventh International Conference on VLSI Design}, 
title={Partial reset methodologies for improving random-pattern testability and BIST of sequential circuits}, 
year={1998}, 
volume={}, 
number={}, 
pages={199-204}, 
keywords={VLSI;automatic testing;built-in self test;design for testability;flip-flops;integrated circuit testing;integrated logic circuits;logic design;logic testing;probability;sequential circuits;BIST;DFT technique;activity propagation analysis;built-in self-test;fault-independent testing;flip-flop resetting;high fault-coverage;node interconnection structure;nonscan circuits;observable test points insertion;partial reset methodologies;random-pattern testability;sequential circuits;switching activities;test generation;Automatic testing;Built-in self-test;Circuit faults;Circuit testing;Coupling circuits;Logic circuits;Logic testing;Sequential analysis;Sequential circuits;Switching circuits}, 
doi={10.1109/ICVD.1998.646602}, 
ISSN={1063-9667}, 
month={Jan},}
@INPROCEEDINGS{699465, 
author={D. Marchese and M. De Sario and M. Bozzetti}, 
booktitle={Electrotechnical Conference, 1998. MELECON 98., 9th Mediterranean}, 
title={Pr3+-doped 1.3 mu;m optical fibre amplifiers in new GeS 2-based chalcogenide glasses}, 
year={1998}, 
volume={2}, 
number={}, 
pages={1390-1394 vol.2}, 
keywords={fluorescence;infrared sources;laser transitions;optical fibre amplifiers;optical pumping;praseodymium;spontaneous emission;superradiance;1G4 fluorescence lifetime;1G4-3H5 spontaneous emission;GeS2-based chalcogenide glasses;Pr3+-doped optical fibre amplifiers;available signal gain;fibre amplifier numerical modelling;germanium sulphide glass;high efficiency low noise fibre amplifiers;high-efficiency fibre amplifier devices;host material;low phonon energy;optical characterization;optical pump power;pump-gain conversion efficiency;quantum efficiency;signal amplification process;small-signal regime;Doped fiber amplifiers;Germanium;Glass;Optical fiber amplifiers;Optical fiber devices;Optical noise;Optical pumping;Semiconductor optical amplifiers;Spontaneous emission;Stimulated emission}, 
doi={10.1109/MELCON.1998.699465}, 
ISSN={}, 
month={May},}
@INPROCEEDINGS{547720, 
author={R. Nair and Chujen Lin and L. Haynes and B. Kelley and R. Levy and P. Prasad}, 
booktitle={AUTOTESTCON '96, Test Technology and Commercialization. Conference Record}, 
title={Automatic dependency model generation using SPICE event driven simulation}, 
year={1996}, 
volume={}, 
number={}, 
pages={318-328}, 
keywords={SPICE;automatic testing;circuit analysis computing;discrete event simulation;failure analysis;printed circuit testing;MIDIS;SPICE event driven simulation;automatic dependency model generation;built-in testing;diagnosability;failure modes;fault propagation analysis;fault propagation model;printed circuit board;testability;two-tier structure;Automatic testing;Automation;Circuit faults;Circuit simulation;Circuit testing;Discrete event simulation;Displays;Microelectronics;Printed circuits;SPICE}, 
doi={10.1109/AUTEST.1996.547720}, 
ISSN={1088-7725}, 
month={Sep},}
@ARTICLE{11446, 
author={D. A. Gross}, 
journal={IEEE Transactions on Magnetics}, 
title={Quench propagation analysis in large solenoidal magnets}, 
year={1988}, 
volume={24}, 
number={2}, 
pages={1190-1193}, 
keywords={quenching (thermal);solenoids;superconducting magnets;AC losses;Legendre polynomials zeros;adiabatic processes;aspect ratio;coils;convective processes;cross-coil quench transit time;cryostat;dump resistor sizing;inductive process;magnetic resonance magnet systems;performance-critical parameters;protection scheme designs;quench analysis model;quench event;solenoidal magnets;superconducting magnet;Analytical models;Coils;Couplings;Design optimization;Magnetic analysis;Magnetic fields;Magnetic losses;Magnetic properties;Magnets;Protection}, 
doi={10.1109/20.11446}, 
ISSN={0018-9464}, 
month={Mar},}
@ARTICLE{1538869, 
author={R. B. Topolevsky and M. Redwood}, 
journal={IEEE Transactions on Sonics and Ultrasonics}, 
title={A General Perturbation Theory for Elastic Resonators and Its Application to the Monolithic Crystal Filter}, 
year={1975}, 
volume={22}, 
number={3}, 
pages={152-161}, 
keywords={Capacitive sensors;Eigenvalues and eigenfunctions;Elasticity;Electrodes;Equations;Filtering theory;Frequency;Quantum mechanics;Resonator filters;Tensile stress}, 
doi={10.1109/T-SU.1975.30793}, 
ISSN={0018-9537}, 
month={May},}
@ARTICLE{382180, 
author={J. M. Voas and K. W. Miller}, 
journal={IEEE Software}, 
title={Software testability: the new verification}, 
year={1995}, 
volume={12}, 
number={3}, 
pages={17-28}, 
keywords={probability;program testing;program verification;sensitivity analysis;software reliability;faulty code failure probability;incorrect code;sensitivity analysis;software testability;software verification;Formal verification;Humans;Law;Programming;Sensitivity analysis;Software quality;Software standards;Software testing;Standards development;System testing}, 
doi={10.1109/52.382180}, 
ISSN={0740-7459}, 
month={May},}
@INPROCEEDINGS{1010935, 
author={Won Jay Song and Byung Ha Ahn}, 
booktitle={2002 IEEE International Symposium on Circuits and Systems. Proceedings (Cat. No.02CH37353)}, 
title={Wavelength shift analysis of TE and TM polarized fields in planar lightwave circuits}, 
year={2002}, 
volume={2}, 
number={}, 
pages={II-105-II-108 vol.2}, 
keywords={birefringence;finite difference methods;light polarisation;optical planar waveguides;optical waveguide theory;optical wavelength conversion;refractive index;wave equations;waveguide discontinuities;PLCs;TE polarized fields;TM polarized fields;bent waveguides;birefringence;curved single-mode planar waveguides;effective index method;finite-difference method;one-dimensional refractive index structure;optical fields;paraxial wave equation;phase difference;planar lightwave circuits;scalar beam-propagation method;slab structure;two-dimensional refractive index profile;wave equations;wavelength shift analysis;Birefringence;Finite difference methods;Optical planar waveguides;Optical polarization;Optical waveguides;Partial differential equations;Planar waveguides;Refractive index;Slabs;Tellurium}, 
doi={10.1109/ISCAS.2002.1010935}, 
ISSN={}, 
month={},}
@ARTICLE{1058935, 
author={Z. Aziz and W. Clegg and R. Pickard}, 
journal={IEEE Transactions on Magnetics}, 
title={Bubble dynamics in T-bar-type circuits}, 
year={1975}, 
volume={11}, 
number={5}, 
pages={1133-1135}, 
keywords={Magnetic bubble circuits;Circuits;Coercive force;Energy storage;Frequency;Laboratories;Linearity;Saturation magnetization;Tellurium}, 
doi={10.1109/TMAG.1975.1058935}, 
ISSN={0018-9464}, 
month={Sep},}
@ARTICLE{1621808, 
author={A. M. McCalmont}, 
journal={IEEE Transactions on Vehicular Communications}, 
title={Multiple access discrete address concepts for vehicular communications}, 
year={1965}, 
volume={14}, 
number={1}, 
pages={39-42}, 
keywords={Communication equipment;Design optimization;Information analysis;Matched filters;Military communication;Narrowband;Professional communication;Radio frequency;Subcontracting;Time frequency analysis}, 
doi={10.1109/TVC.1965.32998}, 
ISSN={0096-2503}, 
month={Mar},}
@ARTICLE{484242, 
author={Ching-Fuh Lin and Chaur-Shiuann Juang}, 
journal={IEEE Photonics Technology Letters}, 
title={Superluminescent diodes with bent waveguide}, 
year={1996}, 
volume={8}, 
number={2}, 
pages={206-208}, 
keywords={III-V semiconductors;aluminium compounds;gallium arsenide;gradient index optics;laser cavity resonators;optical fabrication;optical losses;optical waveguides;quantum well lasers;ridge waveguides;superluminescent diodes;vapour phase epitaxial growth;waveguide lasers;10.8 dB;6 mW;GaAs-AlGaAs;angled facet;bending loss;bent ridge waveguide;bent waveguide;cleaved facet;crescent-shaped pattern;external-cavity configuration;fabrication;facet normal;farfield pattern;lasing operation;optical feedback;output power;spectral ripple;superluminescent diodes;Chemical lasers;Coatings;Metallization;Optical device fabrication;Optical waveguides;Power generation;Power measurement;Superluminescent diodes;Waveguide components;Wet etching}, 
doi={10.1109/68.484242}, 
ISSN={1041-1135}, 
month={Feb},}
@INPROCEEDINGS{682161, 
author={J. Voas and F. Charron and L. Beltracchi}, 
booktitle={1998 IEEE Aerospace Conference Proceedings (Cat. No.98TH8339)}, 
title={Error propagation analysis studies in a nuclear research code}, 
year={1998}, 
volume={4}, 
number={}, 
pages={115-121 vol.4}, 
keywords={digital simulation;failure analysis;fault simulation;nuclear engineering computing;safety-critical software;software fault tolerance;Halden;Halden Reactor Project;Norway;Nucleate Boiling Ratio code;data state error corruption;error propagation analysis;nuclear research code;research code;safety;software fault i;software fault injection;software programs;Error analysis;Fault tolerance;Guidelines;Inductors;Predictive models;Protection;Software measurement;Software quality;Software safety;Workstations}, 
doi={10.1109/AERO.1998.682161}, 
ISSN={1095-323X}, 
month={Mar},}
@INPROCEEDINGS{1236719, 
author={Er Ping Li and Hing Fang Jin and Wei Liang Yuan and LeWei Li}, 
booktitle={2003 IEEE Symposium on Electromagnetic Compatibility. Symposium Record (Cat. No.03CH37446)}, 
title={Parallelized computational technique for signal propagation analysis at very high speed differential transmission lines}, 
year={2003}, 
volume={2}, 
number={}, 
pages={850-854 vol.2}, 
keywords={crosstalk;finite difference time-domain analysis;parallel processing;transmission lines;PC-cluster parallel computing;crosstalk;finite-difference time-domain;full wave FDTD;high speed differential transmission lines;multilayer board;parallel computing method;parallelized FDTD algorithm;parallelized computational technique;reflection;signal integrity simulation;signal propagation analysis;Computational modeling;Concurrent computing;Finite difference methods;Frequency;Nonhomogeneous media;Parallel processing;Predictive models;Signal analysis;Time domain analysis;Transmission lines}, 
doi={10.1109/ISEMC.2003.1236719}, 
ISSN={}, 
month={Aug},}
@INPROCEEDINGS{580594, 
author={Tai-Wu Kao}, 
booktitle={Frontiers in Education Conference, 1994. Twenty-fourth Annual Conference. Proceedings}, 
title={The development of a computer aided instruction in electromagnetic wave propagation}, 
year={1994}, 
volume={}, 
number={}, 
pages={524-527}, 
keywords={telecommunication engineering education;Norton method;communication link;computer aided instruction;electromagnetic wave propagation;ground reflection;ground wave field strength;line-of-sight space wave propagation;power calculations;power density;receiver site;software package;telecommunications;undergraduate;Accreditation;Circuit simulation;Computational modeling;Computer aided instruction;Computer vision;Design engineering;Electromagnetic propagation;Packaging;Power engineering and energy;Programmable logic arrays}, 
doi={10.1109/FIE.1994.580594}, 
ISSN={0190-5848}, 
month={Nov},}
@INPROCEEDINGS{1010934, 
author={Won Jay Song and Byung Ha Ahn}, 
booktitle={2002 IEEE International Symposium on Circuits and Systems. Proceedings (Cat. No.02CH37353)}, 
title={Bending loss analysis of TE and TM polarized fields in planar lightwave circuits}, 
year={2002}, 
volume={2}, 
number={}, 
pages={II-101-II-104 vol.2}, 
keywords={finite difference methods;light polarisation;optical couplers;optical losses;optical planar waveguides;optical waveguide theory;refractive index;wave equations;TE polarized field;TM polarized fields;bending loss analysis;effective index method;finite-difference method;paraxial wave equations;planar lightwave circuits;refractive index profile;scalar beam-propagation method;single-mode planar waveguides;straight-to-bend junction;transition loss;Optical losses;Optical planar waveguides;Optical polarization;Optical refraction;Optical variables control;Optical waveguides;Partial differential equations;Planar waveguides;Refractive index;Tellurium}, 
doi={10.1109/ISCAS.2002.1010934}, 
ISSN={}, 
month={},}
@INPROCEEDINGS{1330510, 
author={D. C. Jenn and Lim Wee Pin and P. Sumagaysay}, 
booktitle={IEEE Antennas and Propagation Society Symposium, 2004.}, 
title={Propagation modeling of wireless networks for interceptibility assessment}, 
year={2004}, 
volume={2}, 
number={}, 
pages={1647 Vol.2-}, 
keywords={radio links;radiowave propagation;wireless LAN;WLAN;corner reflectors;interceptibility assessment;point-to-point systems;sporadic hotspots;unauthorized interception;wireless LAN;wireless local area networks;wireless network propagation modeling;Air traffic control;Communication system traffic control;Computer crime;Electronic mail;Finite difference methods;Predictive models;Radio propagation;Time domain analysis;Wireless LAN;Wireless networks}, 
doi={10.1109/APS.2004.1330510}, 
ISSN={}, 
month={June},}
@INPROCEEDINGS{530071, 
author={A. Louzir and A. Aemamra and D. Harrison and C. Howson}, 
booktitle={IEEE Antennas and Propagation Society International Symposium. 1995 Digest}, 
title={Spatial characterisation of single room indoor propagation at 5.8 GHz}, 
year={1995}, 
volume={1}, 
number={}, 
pages={518-521 vol.1}, 
keywords={fading;indoor radio;microwave propagation;multipath channels;5.8 GHz;Rayleigh law;Rician law;average power loss;domestic environment;indoor propagation measurements;microwave frequencies;single room systems;space domain;spatial characterisation;spatial multipath fading;Frequency measurement;Loss measurement;Microwave frequencies;Microwave measurements;Microwave propagation;Performance analysis;Performance evaluation;Power measurement;Rayleigh channels;Statistics}, 
doi={10.1109/APS.1995.530071}, 
ISSN={}, 
month={June},}
@INPROCEEDINGS{328022, 
author={H. C. Huang and T. C. Lo}, 
booktitle={TENCON '93. Proceedings. Computer, Communication, Control and Power Engineering.1993 IEEE Region 10 Conference on}, 
title={Simulation and analysis of silicon guided-wave electro-optic modulators}, 
year={1993}, 
volume={3}, 
number={}, 
pages={457-460 vol.3}, 
keywords={digital simulation;electro-optical devices;elemental semiconductors;finite difference time-domain analysis;integrated optics;optical modulation;optical waveguides;semiconductor device models;semiconductor device testing;series (mathematics);silicon;2D device simulator;2D semiconductor process simulator;FDTD;MPFE;Si;Si guided-wave electro-optic modulators;electrical simulations;finite-difference-time-domain analysis;mode-propagation-by-Fourier-expansion;optical simulation;Analytical models;Electrooptic devices;Electrooptic modulators;Optical modulation;Optical refraction;Optical variables control;Oxidation;Refractive index;Silicon;Spontaneous emission}, 
doi={10.1109/TENCON.1993.328022}, 
ISSN={}, 
month={Oct},}
@INPROCEEDINGS{1067926, 
author={P. T. R. Wang and N. Tene and L. Wojcik}, 
booktitle={Proceedings. The 21st Digital Avionics Systems Conference}, 
title={Relationship between airport congestion and at-gate delay}, 
year={2002}, 
volume={1}, 
number={}, 
pages={2D5-1-2D5-10 vol.1}, 
keywords={aerospace computing;aerospace simulation;air traffic;airports;calibration;delays;NAS;airport capacity;airport congestion/at-gate delay relationship;arrival/departure queuing delays;flight itineraries;flight schedules;flight turn around times;national airspace system delay profiles;passenger delay profiles;propagated flight delays;routine arrival delays;scheduled/actual flight time variations;system-level simulation calibration;turn around slack time;Aerospace simulation;Airports;Calibration;Delay effects;Delay estimation;Delay systems;Propagation delay;Quality of service;Scheduling;Time measurement}, 
doi={10.1109/DASC.2002.1067926}, 
ISSN={}, 
month={},}
@INPROCEEDINGS{1623325, 
author={A. Gamst and R. Beck and R. Simon and E. G. Zinn}, 
booktitle={35th IEEE Vehicular Technology Conference}, 
title={An integrated approach to cellular radio network planning}, 
year={1985}, 
volume={35}, 
number={}, 
pages={21-25}, 
keywords={Base stations;Cellular networks;Frequency;Land mobile radio;Land mobile radio cellular systems;Lattices;Radio network;Radiofrequency integrated circuits;Telecommunication traffic;Visualization}, 
doi={10.1109/VTC.1985.1623325}, 
ISSN={}, 
month={May},}
@ARTICLE{7773967, 
author={D. Ndzi and J. Austin and E. Vilar}, 
journal={Radio Science}, 
title={Wideband transhorizon channel characterization}, 
year={2001}, 
volume={36}, 
number={5}, 
pages={965-980}, 
keywords={Broadband antennas;Delays;Microwave measurement;Time-frequency analysis;Wideband}, 
doi={10.1029/2000RS002552}, 
ISSN={1944-799X}, 
month={Sept},}
@INPROCEEDINGS{1251571, 
author={}, 
booktitle={The 16th Annual Meeting of the IEEE Lasers and Electro-Optics Society, 2003. LEOS 2003.}, 
title={2003 IEEE LEOS Annual Meeting Conference Proceedings (IEEE Cat. No.03CH37460)}, 
year={2003}, 
volume={1}, 
number={}, 
pages={}, 
keywords={electro-optical devices;high-speed optical techniques;integrated optics;laser applications in medicine;measurement by laser beam;micro-optics;nonlinear optics;optical communication;optical fibres;optical interconnections;semiconductor lasers;ultraviolet lithography;EUV lithography;biological laser applications;electrooptic sensors;femtosecond metrology;high-power lasers;interconnections;medical laser applications;microoptics;nonlinear processes;optical communication;photonic technologies;semiconductor lasers;solitons;Electrooptic devices;Integrated optics;Laser biomedical applications;Laser measurement applications;Nonlinear optics;Optical communication;Optical fibers;Optical interconnections;Semiconductor lasers;Ultrafast optics}, 
doi={10.1109/LEOS.2003.1251571}, 
ISSN={1092-8081}, 
month={Oct},}
@INPROCEEDINGS{662155, 
author={M. Koshiba and Y. Tsuji}, 
booktitle={Microwave Photonics, 1996. MWP '96. Technical Digest., 1996 Internatonal Topical Meeting on}, 
title={Design and modeling of microwave photonic devices}, 
year={1996}, 
volume={}, 
number={}, 
pages={293-296}, 
keywords={CAD;electro-optical modulation;finite element analysis;lithium compounds;optoelectronic devices;ridge waveguides;titanium;LiNbO/sub 3/:Ti;beam propagation methods;computer-aided design tools;finite element methods;microwave photonic devices;ridge structure;traveling-wave optical modulator;Design automation;Microwave devices;Microwave propagation;Optical attenuators;Optical devices;Optical modulation;Optical propagation;Optical refraction;Optical variables control;Optical waveguides}, 
doi={10.1109/MWP.1996.662155}, 
ISSN={}, 
month={Dec},}
@INPROCEEDINGS{599434, 
author={K. De}, 
booktitle={Proceedings. 15th IEEE VLSI Test Symposium (Cat. No.97TB100125)}, 
title={Test methodology for embedded cores which protects intellectual property}, 
year={1997}, 
volume={}, 
number={}, 
pages={2-9}, 
keywords={application specific integrated circuits;boundary scan testing;copyright;industrial property;integrated circuit testing;logic testing;ASIC I/O inaccessibility;ASIC level test generation;core I/Os;core scan chain;coreware design paradigm;embedded cores;gate testing;heuristic algorithm;intellectual property protection;partial netlist generation;selective boundary scan;structural analysis;test methodology;Abstracts;Application specific integrated circuits;Circuit testing;Integrated circuit interconnections;Intellectual property;Large scale integration;Logic testing;Performance analysis;Performance evaluation;Protection}, 
doi={10.1109/VTEST.1997.599434}, 
ISSN={1093-0167}, 
month={Apr},}
@ARTICLE{199902, 
author={F. Moll and A. Rubio}, 
journal={IEEE Transactions on Circuits and Systems II: Analog and Digital Signal Processing}, 
title={Spurious signals in digital CMOS VLSI circuits: a propagation analysis}, 
year={1992}, 
volume={39}, 
number={10}, 
pages={749-752}, 
keywords={CMOS integrated circuits;VLSI;crosstalk;integrated logic circuits;crosstalk;digital CMOS VLSI circuits;hazards;logic circuits;memory elements;penetration capability;permanent logic errors;propagation analysis;propagation depth;spurious signals;Acoustic signal processing;Adaptive signal processing;CMOS digital integrated circuits;Circuit analysis;Least squares approximation;Signal analysis;Signal processing;Signal processing algorithms;Speech processing;Very large scale integration}, 
doi={10.1109/82.199902}, 
ISSN={1057-7130}, 
month={Oct},}
@INPROCEEDINGS{632847, 
author={M. B. Dwyer}, 
booktitle={Proceedings 12th IEEE International Conference Automated Software Engineering}, 
title={Modular flow analysis for concurrent software}, 
year={1997}, 
volume={}, 
number={}, 
pages={264-273}, 
keywords={client-server systems;computer aided software engineering;data flow analysis;finite automata;parallel programming;program verification;FLAVERS;concurrent software systems;early validation;explicitly stated correctness properties;individual module designs;modular analysis approach;modular flow analysis;program flow analysis;realistic concurrent multi-component system;system-level validation;whole-program automated static analysis technique;Costs;Information analysis;Performance analysis;Programming;Software design;Software systems;Software testing}, 
doi={10.1109/ASE.1997.632847}, 
ISSN={}, 
month={Nov},}
@INPROCEEDINGS{1309061, 
author={D. Carter and A. Brown}, 
booktitle={PLANS 2004. Position Location and Navigation Symposium (IEEE Cat. No.04CH37556)}, 
title={Automated geolocation network for use in GPS-degraded environments}, 
year={2004}, 
volume={}, 
number={}, 
pages={690-697}, 
keywords={Global Positioning System;position measurement;GPS-degraded environments;accurate location;automated geolocation network;complex urban environments;inside buildings;location calculation;unmanned systems;Ad hoc networks;Degradation;Earth;Global Positioning System;Intelligent networks;Mobile ad hoc networks;Modems;Navigation;Satellites;Unmanned aerial vehicles}, 
doi={10.1109/PLANS.2004.1309061}, 
ISSN={}, 
month={April},}
@INPROCEEDINGS{885886, 
author={M. Kappes and R. P. Klemm and C. M. R. Kintala}, 
booktitle={Proceedings 11th International Symposium on Software Reliability Engineering. ISSRE 2000}, 
title={Formal limits on determining reliabilities of component-based software systems}, 
year={2000}, 
volume={}, 
number={}, 
pages={356-364}, 
keywords={finite state machines;formal specification;object-oriented programming;probability;program verification;software reliability;component based software systems reliability;elementary component operations;estimated overall reliabilities;failure probabilities;finite state machine;finite state machines;formal limits;reliability figure;software component;transition failure probabilities;unreliable execution;Automata;Electronic mail;History;Power system modeling;Probability;Software reliability;Software systems;State estimation;Telecommunication network reliability;Testing}, 
doi={10.1109/ISSRE.2000.885886}, 
ISSN={1071-9458}, 
month={},}
@INPROCEEDINGS{853386, 
author={J. Lau and C. Chang and S. W. R. Lee}, 
booktitle={2000 Proceedings. 50th Electronic Components and Technology Conference (Cat. No.00CH37070)}, 
title={Solder joint crack propagation analysis of wafer-level chip scale package on printed circuit board assemblies}, 
year={2000}, 
volume={}, 
number={}, 
pages={1360-1368}, 
keywords={chip scale packaging;crack-edge stress field analysis;finite element analysis;flip-chip devices;fracture mechanics;printed circuit manufacture;soldering;thermal stress cracking;crack propagation;crack tip stress intensity factor;finite element method;flip-chip package;fracture mechanics;printed circuit board assembly;solder joint reliability;thermal cycling;thermal fatigue life;wafer-level chip scale package;Chip scale packaging;Equations;Fatigue;Finite element methods;Length measurement;Printed circuits;Semiconductor device measurement;Soldering;Thermal stresses;Wafer scale integration}, 
doi={10.1109/ECTC.2000.853386}, 
ISSN={}, 
month={},}
@INPROCEEDINGS{5731107, 
author={P. T. R. Wang and L. A. Schaefer and L. A. Wojcik}, 
booktitle={Digital Avionics Systems Conference, 2003. DASC '03. The 22nd}, 
title={Flight connections and their impacts on delay propagation}, 
year={2003}, 
volume={1}, 
number={}, 
pages={5.B.4-5.1-9 vol.1}, 
keywords={airports;delays;travel industry;NAS airports;National Airspace System;delay metrics;delays propagation;flight schedule;schedule parameters;Aircraft;Airports;Atmospheric modeling;Data models;Delays;Meteorology;Schedules}, 
doi={10.1109/DASC.2003.1245858}, 
ISSN={}, 
month={Oct},}
@INPROCEEDINGS{517727, 
author={G. D. Wilkins}, 
booktitle={Proceedings of the IEEE 1996 National Aerospace and Electronics Conference NAECON 1996}, 
title={Eye-safe free-space laser communications}, 
year={1996}, 
volume={2}, 
number={}, 
pages={710-715 vol.2}, 
keywords={biological effects of laser radiation;eye;laser beam applications;military communication;optical communication;semiconductor lasers;1 W;DOD;Laser Communications Lab;MODTRAN;Moderate Resolution Atmospheric Transmittance and Radiance Model;Wright Laboratory Avionics Directorate;bit error rate;continuous wave;eye-safety hazards;free-space laser communications;laser diode;military communications;optical communication;prototype;Aerospace electronics;Hazards;Laser modes;Military communication;Optical design;Optical fiber communication;Power lasers;Prototypes;System testing;US Department of Defense}, 
doi={10.1109/NAECON.1996.517727}, 
ISSN={0547-3578}, 
month={May},}
@INPROCEEDINGS{756104, 
author={Y. Yamagata and Y. Nakada and K. Nojima and M. Kosakada and J. Ozawa and I. Ishigaki}, 
booktitle={1999 IEEE Transmission and Distribution Conference (Cat. No. 99CH36333)}, 
title={Very fast transients in 1000 kV gas insulated switchgear}, 
year={1999}, 
volume={2}, 
number={}, 
pages={501-508 vol.2}, 
keywords={electromagnetic wave propagation;gas insulated switchgear;overvoltage;surges;switchgear testing;transient analysis;1000 kV;UHV Equipment Test site;closing surge tests;controlling components;disconnecting switches;electromagnetic wave propagation analysis;gas insulated switchgear;high-speed grounding switches;performance control;protecting components;resistors;surge voltage level control;transmission system;very fast transient overvoltage;very fast transients;Decision support systems;Electromagnetic propagation;Gas insulation;Grounding;Resistors;Surge protection;Switches;Switchgear;Testing;Voltage control}, 
doi={10.1109/TDC.1999.756104}, 
ISSN={}, 
month={Apr},}
@ARTICLE{52104, 
author={J. Yamauchi and S. Kikuchi and T. Hirooka and H. Nakano}, 
journal={Electronics Letters}, 
title={Beam-propagation analysis of bent step-index slab waveguides}, 
year={1990}, 
volume={26}, 
number={12}, 
pages={822-824}, 
keywords={electric fields;guided light propagation;optical losses;optical waveguide theory;refractive index;beam propagation method;bending loss reduction;bent step-index;electric field distribution;loss;optical waveguides;single-mode;slab waveguides;steady-state results;trench section}, 
doi={10.1049/el:19900537}, 
ISSN={0013-5194}, 
month={June},}
@INPROCEEDINGS{686644, 
author={T. Taga}, 
booktitle={Vehicular Technology Conference, 1998. VTC 98. 48th IEEE}, 
title={Coverage prediction for 5-GHz-band high-speed digital signal transmission in urban street microcells}, 
year={1998}, 
volume={1}, 
number={}, 
pages={596-600 vol.1}, 
keywords={cellular radio;delays;digital radio;diversity reception;error statistics;quadrature phase shift keying;time division multiple access;2 to 30 Mbit/s;5 GHz;5-GHz-band high-speed digital signal transmission;ABFA;MRC;QPSK signals;adaptive beam-facing access;bit error rate;coverage prediction;delay spread;delay spread characteristics;four-branch maximum ratio combining diversity reception;mobile communication;propagation loss;radio propagation characteristics;ray-tracing;signal quality;two-branch maximum ratio combining diversity reception;urban street microcells;Bit error rate;Bit rate;Diversity reception;Microcell networks;Mobile communication;Propagation delay;Propagation losses;Radio propagation;Ray tracing;Time division multiple access}, 
doi={10.1109/VETEC.1998.686644}, 
ISSN={1090-3038}, 
month={May},}
@ARTICLE{614647, 
author={Nghia Van Vo and Hua Kun Liu and Shi Xue Dou}, 
journal={IEEE Transactions on Applied Superconductivity}, 
title={Construction and normal zone propagation analysis of high-T/sub c/ superconducting Bi(Pb)-2223/Ag class II coils and magnets}, 
year={1997}, 
volume={7}, 
number={2}, 
pages={893-895}, 
keywords={bismuth compounds;composite superconductors;electron device manufacture;high-temperature superconductors;lead compounds;silver;superconducting coils;superconducting magnets;superconducting tapes;(BiPb)/sub 2/Sr/sub 2/Ca/sub 2/Cu/sub 3/O;class II coil;class II magnet;design;fabrication;high-T/sub c/ superconducting Bi(Pb)-2223/Ag composite tape;insulating material;normal zone propagation;pancake-shaped coil;quenching;react-wind;stacking;wind-react;winding;Building materials;Degradation;Fabrication;Insulation;Magnetic analysis;Magnetic materials;Magnets;Production;Superconducting coils;Superconducting materials}, 
doi={10.1109/77.614647}, 
ISSN={1051-8223}, 
month={June},}
@INPROCEEDINGS{759954, 
author={R. Lamedica and A. Prudenzi and E. Tironi and D. Zaninelli}, 
booktitle={8th International Conference on Harmonics and Quality of Power. Proceedings (Cat. No.98EX227)}, 
title={Harmonic analysis procedures: a comparison between IEEE and IEC guidelines}, 
year={1998}, 
volume={1}, 
number={}, 
pages={470-475 vol.1}, 
keywords={IEC standards;IEEE standards;harmonic analysis;harmonic distortion;industrial power systems;power supply quality;power system harmonics;American market;European market;IEC 1000-2-6;IEEE 519;harmonic analysis procedures;harmonic distortion;harmonic summation methods;industrial plant;international standards;large motors;nonlinear loads;power quality;voltage harmonic distortion analysis;Frequency;Guidelines;Harmonic analysis;IEC standards;Impedance;Industrial plants;Power harmonic filters;Power system harmonics;Stochastic processes;Voltage}, 
doi={10.1109/ICHQP.1998.759954}, 
ISSN={}, 
month={Oct},}
@INPROCEEDINGS{404211, 
author={M. Hamada and H. Adachi}, 
booktitle={Computer Software and Applications Conference, 1993. COMPSAC 93. Proceedings., Seventeenth Annual International}, 
title={Recording software design processes for maintaining the software}, 
year={1993}, 
volume={}, 
number={}, 
pages={27-33}, 
keywords={software cost estimation;software maintenance;costs;effectiveness;fragmentary design results;prototype system;recorded information;software change propagation analysis;software design process recording;software maintenance;usage;Costs;Data models;Design methodology;Disk recording;Information analysis;Process design;Product design;Programming;Software design;Software maintenance}, 
doi={10.1109/CMPSAC.1993.404211}, 
ISSN={}, 
month={Nov},}
@INPROCEEDINGS{175908, 
author={K. Masrani and N. G. Riley}, 
booktitle={1991 Fifth International Conference on HF Radio Systems and Techniques}, 
title={Use of passive monitoring techniques in HF radio systems}, 
year={1991}, 
volume={}, 
number={}, 
pages={275-280}, 
keywords={computerised monitoring;ionospheric electromagnetic wave propagation;radiowave propagation;HF propagation conditions;HF radio systems;ionospheric parameters;passive monitoring techniques;radio signals;short term HF forecasts}, 
doi={}, 
ISSN={}, 
month={Jul},}
@INPROCEEDINGS{1540285, 
author={J. F. Werner and A. J. Dyer}, 
booktitle={30th Annual Symposium on Frequency Control}, 
title={The Relationship Between Plateback, Mass Loading and Electrode Dimensions for AT-Cut Quartz Crystals Having Rectangular Resonators Operating at Fundamental and Overtone Modes}, 
year={1976}, 
volume={}, 
number={}, 
pages={40-53}, 
keywords={Circuits;Crystals;Electrodes;Equations;Frequency estimation;Frequency measurement;Impedance measurement;Inductance;Joining processes;Resonator filters}, 
doi={10.1109/FREQ.1976.201295}, 
ISSN={}, 
month={June},}
@INPROCEEDINGS{1536906, 
author={A. Ballato and T. Lukaszek}, 
booktitle={27th Annual Symposium on Frequency Control}, 
title={A Novel Frequency Selective Device: The Stacked-Crystal Filter}, 
year={1973}, 
volume={}, 
number={}, 
pages={262-276}, 
keywords={Acoustic devices;Bandwidth;Bonding;Frequency control;Hafnium;Insertion loss;Laboratories;Resonator filters;Robustness;Signal processing}, 
doi={10.1109/FREQ.1973.199966}, 
ISSN={}, 
month={June},}
@INPROCEEDINGS{568202, 
author={Huy Nguyen and R. Roy and A. Chatterjee}, 
booktitle={Proceedings Tenth International Conference on VLSI Design}, 
title={Impact of partial reset on fault independent testing and BIST}, 
year={1997}, 
volume={}, 
number={}, 
pages={537-539}, 
keywords={VLSI;automatic testing;built-in self test;fault diagnosis;flip-flops;integrated circuit testing;logic testing;sequential circuits;BIST;circuit flip-flops;deterministic test generation;fault independent testing;fault propagation analysis;partial reset;random pattern testing;sequential circuits;test input vectors;Automatic test pattern generation;Automatic testing;Built-in self-test;Circuit faults;Circuit testing;Flip-flops;Performance evaluation;Sequential analysis;Sequential circuits;Test pattern generators}, 
doi={10.1109/ICVD.1997.568202}, 
ISSN={1063-9667}, 
month={Jan},}
@INPROCEEDINGS{504077, 
author={K. Tokuda and Y. Shiraki and E. Kawakami}, 
booktitle={Proceedings of Vehicular Technology Conference - VTC}, 
title={Burst error reduction method of a CDMA multimedia system}, 
year={1996}, 
volume={3}, 
number={}, 
pages={1843-1847 vol.3}, 
keywords={broadband networks;code division multiple access;coding errors;data communication;diversity reception;error correction codes;error statistics;fading;interleaved codes;multimedia communication;power control;radio networks;radiowave propagation;telecommunication control;voice communication;CDMA multimedia system;antifading technologies;broadband data transmission system;burst error reduction method;deinterleaver;error control technologies;interleaver;interleaver length;path diversity reception;performance evaluation results;radio propagation;service area size;transmitting power control;Data communication;Delay effects;Delay estimation;Diversity reception;Fading;Multiaccess communication;Multimedia systems;Propagation delay;Radio propagation;Wideband}, 
doi={10.1109/VETEC.1996.504077}, 
ISSN={1090-3038}, 
month={Apr},}
@INPROCEEDINGS{547775, 
author={S. A. Wegener}, 
booktitle={AUTOTESTCON '96, Test Technology and Commercialization. Conference Record}, 
title={Diagnostic information models: a practical approach to verticality, fault accountability, and diagnostic maturation of hierarchical systems}, 
year={1996}, 
volume={}, 
number={}, 
pages={461-467}, 
keywords={aircraft;aircraft testing;automatic testing;avionics;fault diagnosis;hierarchical systems;military avionics;reliability;aircraft BIT;aircraft system;black boxes;built in test;diagnostic information model;failed aircraft black box;fault accountability;fault accountability analysis;focusing;hierarchical systems;hierarchical testing;military avionic systems;modular testing;off line testing;printed circuit cards;reliability;test tolerances;testability;Aerospace electronics;Aircraft;Assembly systems;Built-in self-test;Circuit faults;Circuit testing;Electrical fault detection;Fault detection;Military equipment;System testing}, 
doi={10.1109/AUTEST.1996.547775}, 
ISSN={1088-7725}, 
month={Sep},}
@INPROCEEDINGS{1335144, 
author={N. Nimpitiwan and G. Heydt and R. Ayyanar and J. Blevins and K. Koellner and K. Kittredge and M. Chandler}, 
booktitle={2003 IEEE PES Transmission and Distribution Conference and Exposition (IEEE Cat. No.03CH37495)}, 
title={The propagation of disturbances in power distribution systems}, 
year={2003}, 
volume={1}, 
number={}, 
pages={6-12 Vol.1}, 
keywords={SPICE;power distribution faults;power engineering computing;power supply quality;power transformers;PSpice modeling;delta-wye transformer;distribution engineering;distribution lines;load models;power distribution systems;power quality disturbances;unbalance factor;voltage regulation;voltage sags;zero sequence levels;AC motors;Diodes;Instruments;Mathematical model;Power distribution;Power quality;Power system modeling;Rectifiers;Student members;Voltage fluctuations}, 
doi={10.1109/TDC.2003.1335144}, 
ISSN={}, 
month={Sept},}
@ARTICLE{52105, 
author={J. Shimizu and T. Suzaki and T. Terakado and S. Fujita and K. Kasahara and T. Itoh and A. Suzuki}, 
journal={Electronics Letters}, 
title={High sensitivity, high gain, long wavelength OEIC receiver with monolithically integrated three-stage preamplifier}, 
year={1990}, 
volume={26}, 
number={12}, 
pages={824-825}, 
keywords={III-V semiconductors;digital communication systems;error statistics;field effect integrated circuits;gallium arsenide;indium compounds;integrated optoelectronics;optical communication equipment;preamplifiers;receivers;wideband amplifiers;600 Mbit/s;900 MHz;BER;GaAs-InP;MESFET circuit;OEIC receiver;SPICE;bit error rate;high gain;high sensitivity;long wavelength;monolithically integrated three-stage preamplifier;optical communications}, 
doi={10.1049/el:19900538}, 
ISSN={0013-5194}, 
month={June},}
@ARTICLE{1090042, 
author={}, 
journal={IEEE Transactions on Communication Technology}, 
title={[Back cover]}, 
year={1969}, 
volume={17}, 
number={1}, 
pages={0-0}, 
keywords={}, 
doi={10.1109/TCOM.1969.1090042}, 
ISSN={0018-9332}, 
month={February},}
@INPROCEEDINGS{929457, 
author={U. Kiencke}, 
booktitle={IMTC 2001. Proceedings of the 18th IEEE Instrumentation and Measurement Technology Conference. Rediscovering Measurement in the Age of Informatics (Cat. No.01CH 37188)}, 
title={Future perspectives of automotive control}, 
year={2001}, 
volume={3}, 
number={}, 
pages={1510-1518 vol.3}, 
keywords={automobiles;ABS;air-fuel ratio control;automotive control;exhaust gas recirculation control;idle speed control;knock control;vehicle dynamic control;Automatic control;Automotive engineering;Diesel engines;Fuel cells;Gears;Industrial control;Information technology;Internal combustion engines;Spraying;Vehicles}, 
doi={10.1109/IMTC.2001.929457}, 
ISSN={1091-5281}, 
month={},}
@ARTICLE{1232163, 
author={T. K. Sarkar and Zhong Ji and Kyungjung Kim and A. Medouri and M. Salazar-Palma}, 
journal={IEEE Antennas and Propagation Magazine}, 
title={A survey of various propagation models for mobile communication}, 
year={2003}, 
volume={45}, 
number={3}, 
pages={51-82}, 
keywords={mobile radio;multipath channels;radiowave propagation;statistical analysis;transient response;base stations;cellular radio;channel characterization;dispersion effects;impulse response;impulse-response characterization;mobile communication;multipath;path loss;propagating channel;propagation characteristics;propagation models;reciprocity;signal characteristics;signal parameters;site-specific models;small-scale fading;statistical models;two-way communication ports;Base stations;Fading;Land mobile radio;Mobile communication;Parameter estimation;Predictive models;Propagation losses;Signal analysis;System analysis and design;Wireless communication}, 
doi={10.1109/MAP.2003.1232163}, 
ISSN={1045-9243}, 
month={June},}
