@INPROCEEDINGS{7372078,
  author={K. Bajaj and K. Pattabiraman and A. Mesbah},
  booktitle={2015 30th IEEE/ACM International Conference on Automated Software Engineering (ASE)},
  title={LED: Tool for Synthesizing Web Element Locators},
  year={2015},
  pages={848-851},
  keywords={Internet;Java;object-oriented methods;program diagnostics;trees (mathematics);DOM element;DOM state;DOM tree element;JavaScript code;LED;Web application;Web developer;Web element locator;automated tool;document object model tree element;Automation;Browsers;Cascading style sheets;Light emitting diodes;Mice;Selenium;Writing;CSS selectors;Element locators;Program synthesis;Programming by example;Web applications},
  doi={10.1109/ASE.2015.110},
  month={Nov},
  review={cita o software como trabalho relacionado},
  really_refers_to_software={yes},
  contribution_weight={0.1},
}
