@inproceedings{Maletic:2015:EAM:2819009.2819225,
  author = {Maletic, Jonathan I. and Collard, Michael L.},
  title = {Exploration, Analysis, and Manipulation of Source Code Using srcML},
  booktitle = {Proceedings of the 37th International Conference on Software Engineering - Volume 2},
  series = {ICSE '15},
  year = {2015},
  location = {Florence, Italy},
  pages = {951--952},
  numpages = {2},
  url = {http://dl.acm.org/citation.cfm?id=2819009.2819225},
  acmid = {2819225},
  publisher = {IEEE Press},
  address = {Piscataway, NJ, USA},
  keywords = {XML, program transformation, srcML, static program analysis},
  review={apresenta o software, descreve como usar, tutorial},
  really_refers_to_software={yes},
  contribution_weight={0},
}

@inproceedings{Newman:2016:STE:2889160.2889173,
  author = {Newman, Christian D. and Sage, Tessandra and Collard, Michael L. and Alomari, Hakam W. and Maletic, Jonathan I.},
  title = {srcSlice: A Tool for Efficient Static Forward Slicing},
  booktitle = {Proceedings of the 38th International Conference on Software Engineering Companion},
  series = {ICSE '16},
  year = {2016},
  isbn = {978-1-4503-4205-6},
  location = {Austin, Texas},
  pages = {621--624},
  numpages = {4},
  url = {http://doi.acm.org/10.1145/2889160.2889173},
  doi = {10.1145/2889160.2889173},
  acmid = {2889173},
  publisher = {ACM},
  address = {New York, NY, USA},
  keywords = {srcML, static forward program slicing, static program analysis},
  review={usa o software (o formato srcML) para implementar numa nova ferramenta srcSlice, disponibiliza a nova ferramenta em www.srcML.org},
  really_refers_to_software={yes},
  contribution_weight={0.25},
}

@inproceedings{Maletic:2005:XBA:1107656.1107671,
  author = {Maletic, Jonathan I. and Collard, Michael L. and Simoes, Bonita},
  title = {An XML Based Approach to Support the Evolution of Model-to-model Traceability Links},
  booktitle = {Proceedings of the 3rd International Workshop on Traceability in Emerging Forms of Software Engineering},
  series = {TEFSE '05},
  year = {2005},
  isbn = {1-59593-243-7},
  location = {Long Beach, California},
  pages = {67--72},
  numpages = {6},
  url = {http://doi.acm.org/10.1145/1107656.1107671},
  doi = {10.1145/1107656.1107671},
  acmid = {1107671},
  publisher = {ACM},
  address = {New York, NY, USA},
  keywords = {maintenance, software evolution, traceability},
  review={sao autores do software, desenvolveram, usa o formato srcML neste estudo},
  really_refers_to_software={yes},
  contribution_weight={0.25},
}

@inproceedings{Sakamoto:2013:FAT:2457392.2457408,
  author = {Sakamoto, Kazunori},
  title = {A Framework for Analyzing and Transforming Source Code Supporting Multiple Programming Languages},
  booktitle = {Proceedings of the 12th Annual International Conference Companion on Aspect-oriented Software Development},
  series = {AOSD '13 Companion},
  year = {2013},
  isbn = {978-1-4503-1873-0},
  location = {Fukuoka, Japan},
  pages = {35--36},
  numpages = {2},
  url = {http://doi.acm.org/10.1145/2457392.2457408},
  doi = {10.1145/2457392.2457408},
  acmid = {2457408},
  publisher = {ACM},
  address = {New York, NY, USA},
  keywords = {framework, program analysis, program transformation, programming languages},
  review={implementa uma ferramenta UNICOEN e compara ela com diversos softwares, entre eles o srcML},
  really_refers_to_software={yes},
  contribution_weight={0.25},
}

@inproceedings{Wilkerson:2012:MCA:2330163.2330333,
  author = {Wilkerson, Josh L. and Tauritz, Daniel R. and Bridges, James M.},
  title = {Multi-objective Coevolutionary Automated Software Correction},
  booktitle = {Proceedings of the 14th Annual Conference on Genetic and Evolutionary Computation},
  series = {GECCO '12},
  year = {2012},
  isbn = {978-1-4503-1177-9},
  location = {Philadelphia, Pennsylvania, USA},
  pages = {1229--1236},
  numpages = {8},
  url = {http://doi.acm.org/10.1145/2330163.2330333},
  doi = {10.1145/2330163.2330333},
  acmid = {2330333},
  publisher = {ACM},
  address = {New York, NY, USA},
  keywords = {automated program correction, coevolution, fitness sharing, genetic programming, multi-objective optimization, nsga-ii, sbse},
  review={usa o software},
  really_refers_to_software={yes},
  contribution_weight={0.25},
}

@inproceedings{Nilsson:2009:PFL:1697236.1697245,
  author = {Nilsson, Jens and L\"{o}we, Welf and Hall, Johan and Nivre, Joakim},
  title = {Parsing Formal Languages Using Natural Language Parsing Techniques},
  booktitle = {Proceedings of the 11th International Conference on Parsing Technologies},
  series = {IWPT '09},
  year = {2009},
  location = {Paris, France},
  pages = {49--60},
  numpages = {12},
  url = {http://dl.acm.org/citation.cfm?id=1697236.1697245},
  acmid = {1697245},
  publisher = {Association for Computational Linguistics},
  address = {Stroudsburg, PA, USA},
  review={cita o software como trabalho relacionado},
  really_refers_to_software={yes},
  contribution_weight={0},
}

@inproceedings{Zanjani:2014:IAC:2597073.2597096,
  author = {Zanjani, Motahareh Bahrami and Swartzendruber, George and Kagdi, Huzefa},
  title = {Impact Analysis of Change Requests on Source Code Based on Interaction and Commit Histories},
  booktitle = {Proceedings of the 11th Working Conference on Mining Software Repositories},
  series = {MSR 2014},
  year = {2014},
  isbn = {978-1-4503-2863-0},
  location = {Hyderabad, India},
  pages = {162--171},
  numpages = {10},
  url = {http://doi.acm.org/10.1145/2597073.2597096},
  doi = {10.1145/2597073.2597096},
  acmid = {2597096},
  publisher = {ACM},
  address = {New York, NY, USA},
  keywords = {Impact Analysis, Information Retrieval, Interaction History, Machine Learning},
  review={usa o formato do software (formato XML-based srcML), indica site do projeto},
  really_refers_to_software={yes},
  contribution_weight={0.25},
}

@article{Canfora:2011:ACS:1924421.1924451,
  author = {Canfora, Gerardo and Di Penta, Massimiliano and Cerulo, Luigi},
  title = {Achievements and Challenges in Software Reverse Engineering},
  journal = {Commun. ACM},
  issue_date = {April 2011},
  volume = {54},
  number = {4},
  month = apr,
  year = {2011},
  issn = {0001-0782},
  pages = {142--151},
  numpages = {10},
  url = {http://doi.acm.org/10.1145/1924421.1924451},
  doi = {10.1145/1924421.1924451},
  acmid = {1924451},
  publisher = {ACM},
  address = {New York, NY, USA},
  review={cita o software, entre outros, como opção de analisador de software, apresenta uma tabela com descrição de cada software, qual a dispoibilidade (free, demo, livre), indica site do software},
  really_refers_to_software={yes},
  contribution_weight={0.25},
}

@inproceedings{Moreno:2014:AGR:2635868.2635870,
  author = {Moreno, Laura and Bavota, Gabriele and Di Penta, Massimiliano and Oliveto, Rocco and Marcus, Andrian and Canfora, Gerardo},
  title = {Automatic Generation of Release Notes},
  booktitle = {Proceedings of the 22Nd ACM SIGSOFT International Symposium on Foundations of Software Engineering},
  series = {FSE 2014},
  year = {2014},
  isbn = {978-1-4503-3056-5},
  location = {Hong Kong, China},
  pages = {484--495},
  numpages = {12},
  url = {http://doi.acm.org/10.1145/2635868.2635870},
  doi = {10.1145/2635868.2635870},
  acmid = {2635870},
  publisher = {ACM},
  address = {New York, NY, USA},
  keywords = {Release notes, Software documentation, Software evolution},
  review={usa o software},
  really_refers_to_software={yes},
  contribution_weight={0.25},
}
