@INPROCEEDINGS{7777883,
  author={S. M. Alnaeli and M. Sarnowski and M. S. Aman and K. Yelamarthi and A. Abdelgawad and H. Jiang},
  booktitle={2016 IEEE 7th Annual Ubiquitous Computing, Electronics Mobile Communication Conference (UEMCON)},
  title={On the evolution of mobile computing software systems and C/C++ vulnerable code: Empirical investigation},
  year={2016},
  pages={1-7},
  keywords={C++ language;mobile computing;program diagnostics;security of data;software engineering;source code (software);C/C++ vulnerable code;mobile computing software systems;secure coding;software development;software engineering;static analysis;training courses;training materials;Androids;Mobile communication;Mobile computing;Security;Software systems;Unsafe functions;alternatives;programming-style;security;vulnerability},
  doi={10.1109/UEMCON.2016.7777883},
  month={Oct},
  review={usa o software para análise de dados, cita url do software},
  really_refers_to_software={yes},
  contribution_weight={3},
}

@INPROCEEDINGS{5090046,
  author={J. Nilsson and W. Lowe and J. Hall and J. Nivre},
  booktitle={2009 IEEE 17th International Conference on Program Comprehension},
  title={Natural language parsing for fact extraction from source code},
  year={2009},
  pages={223-227},
  keywords={grammars;source coding;error analysis;fact extraction;natural language parsing;source code;Computer languages;Data mining;Formal languages;Java;Mathematics;Natural languages;Performance analysis;Robustness;Systems engineering and theory;Training data},
  doi={10.1109/ICPC.2009.5090046},
  ISSN={1092-8138},
  month={May},
  review={cita o software como trabalho relacionado},
  really_refers_to_software={yes},
  contribution_weight={1},
}

@INPROCEEDINGS{4815342,
  author={J. Nödler and H. Neukirchen and J. Grabowski},
  booktitle={2009 International Conference on Software Testing Verification and Validation},
  title={A Flexible Framework for Quality Assurance of Software Artefacts with Applications to Java, UML, and TTCN-3 Test Specifications},
  year={2009},
  pages={101-110},
  keywords={Java;Unified Modeling Language;program diagnostics;program testing;software metrics;software quality;software tools;Java source code;TTCN-3 test specifications;UML;XQuery expressions;automated analysis tools;bad smell detection;domain-specific languages;metrics calculation;quality assurance;software analysis tools;software artefact inspections;test control notations;Application software;Inspection;Java;Performance analysis;Quality assurance;Software performance;Software quality;Software testing;Software tools;Unified modeling language},
  doi={10.1109/ICST.2009.34},
  ISSN={2159-4848},
  month={April},
  review={implementa uma nova ferramenta XQuery-based Analysis Framework (XAF), usa o software},
  really_refers_to_software={yes},
  contribution_weight={3},
}

@INPROCEEDINGS{1173077,
  author={J. F. Power and B. A. Malloy},
  booktitle={Ninth Working Conference on Reverse Engineering, 2002. Proceedings.},
  title={Program annotation in XML: a parse-tree based approach},
  year={2002},
  pages={190-198},
  keywords={C++ language;Java;compiler generators;hypermedia markup languages;object-oriented programming;program diagnostics;C programs;C++ programs;Java programs;Objective C programs;XML;arbitrary LALR grammar;bison parser generator;parse-tree;portable gcc compiler modification;program annotation;source code annotation;syntactic tags;Application software;Computer science;Independent component analysis;Information analysis;Java;Program processors;Reverse engineering;Software tools;Visualization;XML},
  doi={10.1109/WCRE.2002.1173077},
  ISSN={1095-1350},
  month={},
  review={cita o software como trabalho relacionado},
  really_refers_to_software={yes},
  contribution_weight={1},
}

@ARTICLE{7888579,
  author={F. Medeiros and M. Ribeiro and R. Gheyi and S. Apel and C. Kastner and B. Ferreira and L. Carvalho and B. Fonseca},
  journal={IEEE Transactions on Software Engineering},
  title={Discipline Matters: Refactoring of Preprocessor Directives in the \#ifdef Hell},
  year={2017},
  volume={PP},
  number={99},
  pages={1-1},
  keywords={C languages;Guidelines;Kernel;Linux;Standards;Syntactics;Configurable Systems;Preprocessors;Refactoring},
  doi={10.1109/TSE.2017.2688333},
  ISSN={0098-5589},
  month={},
  review={usa o software para coleta e análise de dados},
  really_refers_to_software={yes},
  contribution_weight={3},
}

@INPROCEEDINGS{5609719,
  author={M. L. Collard and J. I. Maletic and B. P. Robinson},
  booktitle={2010 IEEE International Conference on Software Maintenance},
  title={A lightweight transformational approach to support large scale adaptive changes},
  year={2010},
  pages={1-10},
  keywords={XML;software maintenance;source coding;SrcML;XML source code representation;adaptive maintenance change;adaptive maintenance needs;large scale adaptive change;large-scale software system;lightweight transformational approach;on-the-fly static analysis;production system;Adaptive systems;Context;Maintenance engineering;Manuals;Organizations;Software;XML;Source Code Transformation;static analysis},
  doi={10.1109/ICSM.2010.5609719},
  ISSN={1063-6773},
  month={Sept},
  review={usa o software},
  really_refers_to_software={yes},
  contribution_weight={3},
}

@INPROCEEDINGS{1458614,
  author={M. Topolnik},
  booktitle={Proceedings of the 8th International Conference on Telecommunications, 2005. ConTEL 2005.},
  title={An improved XML syntax for the java programming language},
  year={2005},
  volume={2},
  pages={485-492},
  keywords={Computer languages;Concrete;Encoding;Formal languages;Java;XML},
  doi={10.1109/CONTEL.2005.185935},
  month={June},
  review={cita o software como exemplo},
  really_refers_to_software={yes},
  contribution_weight={1},
}

@ARTICLE{7895205,
  author={H. Cai},
  journal={IEEE Transactions on Software Engineering},
  title={Hybrid Program Dependence Approximation for Effective Dynamic Impact Prediction},
  year={2017},
  volume={PP},
  number={99},
  pages={1-1},
  keywords={Concrete;Java;Maintenance engineering;Performance analysis;Runtime;Software;Software measurement;Static program dependence;dynamic analysis;efficiency;impact prediction;online impact analysis;precision},
  doi={10.1109/TSE.2017.2692783},
  ISSN={0098-5589},
  month={},
  review={desenvolve uma ferramenta com base na biblioteca srcML},
  really_refers_to_software={yes},
  contribution_weight={3},
}

@INPROCEEDINGS{1386169,
  author={K. Maruyama and S. Yamamoto},
  booktitle={Source Code Analysis and Manipulation, Fourth IEEE International Workshop on},
  title={A CASE tool platform using an XML representation of Java source code},
  year={2004},
  pages={158-167},
  keywords={Java;XML;computer aided software engineering;source coding;CASE tool;Java source code;XML representation;abstract syntax tree;global semantic analysis;source code tools;Application software;Collaborative software;Collaborative tools;Computer aided software engineering;Computer science;Information analysis;Information systems;Java;Software tools;XML},
  doi={10.1109/SCAM.2004.1},
  month={Sept},
  review={compara o formato (XML) srcML com outros formatos},
  really_refers_to_software={yes},
  contribution_weight={3},
}

@INPROCEEDINGS{1421035,
  author={K. Maruyama and S. Yamamoto},
  booktitle={13th International Workshop on Program Comprehension (IWPC'05)},
  title={Design and implementation of an extensible and modifiable refactoring tool},
  year={2005},
  pages={195-204},
  keywords={XML;flow graphs;object-oriented programming;reverse engineering;software maintenance;software reusability;software tools;AST;CFG;IDE;Jrbx;PDG;XML representation;abstract syntax tree;control flow graph;extensible refactoring tool design;modifiable refactoring tool;object-oriented software maintenance;program dependence graph;source code;Computer science;Conferences;Flow graphs;Information analysis;Information systems;Programming profession;Registers;Software maintenance;Tree graphs;XML},
  doi={10.1109/WPC.2005.17},
  ISSN={1092-8138},
  month={May},
  review={cita o srcML como exemplo de formato para representação de código fonte em XML},
  really_refers_to_software={yes},
  contribution_weight={1},
}

@INPROCEEDINGS{1311074,
  author={B. Cleary and C. Exton},
  booktitle={Proceedings. 12th IEEE International Workshop on Program Comprehension, 2004.},
  title={CHIVE - a program source visualisation framework},
  year={2004},
  pages={268-269},
  keywords={graph theory;program visualisation;reverse engineering;trees (mathematics);3-dimensional visualizations;CHIVE;graph layouts;program comprehension;program source visualization;user definable datasets;visualisation tool;Computer science;Data models;Data visualization;Information systems;Java;Software algorithms;Software prototyping;Software tools;Tree graphs;XML},
  doi={10.1109/WPC.2004.1311074},
  ISSN={1092-8138},
  month={June},
  review={cita o formato srcML como suportado pela ferramenta proposta CHIVE, usa o formato XML srcML},
  really_refers_to_software={yes},
  contribution_weight={3},
}

@INPROCEEDINGS{6681104,
  author={K. K. Chaturvedi and V. B. Sing and P. Singh},
  booktitle={2013 13th International Conference on Computational Science and Its Applications},
  title={Tools in Mining Software Repositories},
  year={2013},
  pages={89-98},
  keywords={data mining;software engineering;ICSE;MSR;data mining;international conference on software engineering;mining software repositories;software engineering;software projects;Conferences;Data mining;Java;Maintenance engineering;Prototypes;Software;Software engineering;ICSE;Software repositories;data mining tools},
  doi={10.1109/ICCSA.2013.22},
  month={June},
  review={faz referencia ao formato srcML},
  really_refers_to_software={yes},
  contribution_weight={1},
}

@INPROCEEDINGS{4659247,
  author={G. Canfora and M. Di Penta},
  booktitle={2008 Frontiers of Software Maintenance},
  title={Frontiers of reverse engineering: A conceptual model},
  year={2008},
  pages={38-47},
  keywords={Unified Modeling Language;reverse engineering;software engineering;UML class diagrams;software reverse engineering;software system;source code;Code standards;Documentation;Hardware;Information resources;Performance analysis;Reverse engineering;Software maintenance;Software protection;Software systems;Unified modeling language},
  doi={10.1109/FOSM.2008.4659247},
  month={Sept},
  review={cita o software como ferramenta para análise de código fonte},
  really_refers_to_software={yes},
  contribution_weight={1},
}

@INPROCEEDINGS{7845497,
  author={S. M. Alnaeli and M. Sarnowski and M. S. Aman and A. Abdelgawad and K. Yelamarthi},
  booktitle={2016 IEEE 3rd World Forum on Internet of Things (WF-IoT)},
  title={Vulnerable C/C++ code usage in IoT software systems},
  year={2016},
  pages={348-352},
  keywords={C++ language;Internet of Things;program diagnostics;public domain software;security of data;software maintenance;software reliability;C/C++ language standards;IoT software systems;legacy code;memcpy;open source systems;security concerns;software systems;static analysis methods;system quality;system robustness;unsafe command usage;vulnerable C/C++ code usage;vulnerable statement usage;scientific;security;static analysis;unsafe commands;vulnerable software},
  doi={10.1109/WF-IoT.2016.7845497},
  month={Dec},
  review={usa o software para coleta e análise de dados},
  really_refers_to_software={yes},
  contribution_weight={3},
}

@INPROCEEDINGS{6065176,
  author={M. L. Collard and M. J. Decker and J. I. Maletic},
  booktitle={2011 IEEE 11th International Working Conference on Source Code Analysis and Manipulation},
  title={Lightweight Transformation and Fact Extraction with the srcML Toolkit},
  year={2011},
  pages={173-184},
  keywords={C++ language;Java;XML;program interpreters;C source code;C++ source code;Java source code;XML format;XPath;extensible markup language;round-trip reverse engineering;source code fact-extraction;source code lightweight transformation;source-to-srcML translator;srcML Toolkit;srcML-to-source translator;Encoding;Java;Kernel;Linux;Syntactics;XML;Fact Extraction;Source Transformation;srcML},
  doi={10.1109/SCAM.2011.19},
  month={Sept},
  review={mesmo artigo selecionado na revisão estruturada},
  really_refers_to_software={yes},
  contribution_weight={10},
  step={structured-review},
}

@INPROCEEDINGS{7816458,
  author={M. Rahimi and W. Goss and J. Cleland-Huang},
  booktitle={2016 IEEE International Conference on Software Maintenance and Evolution (ICSME)},
  title={Evolving Requirements-to-Code Trace Links across Versions of a Software System},
  year={2016},
  pages={99-109},
  keywords={formal specification;formal verification;information retrieval;program diagnostics;public domain software;software tools;source code (software);systems analysis;TLE;information retrieval;open source tool;requirements-to-code trace link;software engineering;software system version;source code;trace link evolver;traceability;upstream artifact;Computer science;Conferences;Crawlers;Feature extraction;Software systems;Evolution;Maintenance;Traceability},
  doi={10.1109/ICSME.2016.57},
  month={Oct},
  review={usa o software},
  really_refers_to_software={yes},
  contribution_weight={3},
}

@INPROCEEDINGS{6569756,
  author={K. Sakamoto and K. Shimojo and R. Takasawa and H. Washizaki and Y. Fukazawa},
  booktitle={2013 IEEE Sixth International Conference on Software Testing, Verification and Validation},
  title={OCCF: A Framework for Developing Test Coverage Measurement Tools Supporting Multiple Programming Languages},
  year={2013},
  pages={422-430},
  keywords={Internet;program testing;programming languages;OCCF;Web applications;coverage measurement tools;decision coverage;multiple programming languages;open code coverage framework;statement coverage;test coverage measurement tools;Generators;Grammar;Instruments;Java;Libraries;Program processors;framework; test coverage; programming languages; fault localization; test-suite minimization},
  doi={10.1109/ICST.2013.59},
  ISSN={2159-4848},
  month={March},
  review={usa o software para implementar um parser C++ para o OCCF},
  really_refers_to_software={yes},
  contribution_weight={3},
}

@INPROCEEDINGS{1238043,
  author={G. Antoniol and M. Di Penta and G. Masone and U. Villano},
  booktitle={Proceedings Third IEEE International Workshop on Source Code Analysis and Manipulation},
  title={XOgastan: XML-oriented gcc AST analysis and transformations},
  year={2003},
  pages={173-182},
  keywords={XML;abstract data types;graph grammars;program compilers;program diagnostics;program interpreters;software maintenance;software tools;API;GXL;XML oriented gcc AST analysis;XML tools;XOgastan;abstract syntax trees;g++ format;gcc format;graph exchange language representation;parser;program analysis;software maintenance;static source code analysis;transformation tools;Computer architecture;Computer languages;Data mining;Information analysis;Reverse engineering;Software maintenance;Software tools;Subspace constraints;Tree graphs;XML},
  doi={10.1109/SCAM.2003.1238043},
  month={Sept},
  review={cita o software como exemplo},
  really_refers_to_software={yes},
  contribution_weight={1},
}

@INPROCEEDINGS{6676946,
  author={M. L. Collard and M. J. Decker and J. I. Maletic},
  booktitle={2013 IEEE International Conference on Software Maintenance},
  title={srcML: An Infrastructure for the Exploration, Analysis, and Manipulation of Source Code: A Tool Demonstration},
  year={2013},
  pages={516-519},
  keywords={C++ language;Java;XML;program diagnostics;program interpreters;query processing;software maintenance;software tools;C source code;C++ source code;Java source code;XML representation;XPath;XSLT;round-trip transformation;software evolution;software maintenance;software project analysis;software project exploration;software project manipulation;source-code query construction;srcML format;srcml2src tool;static code analysis;Communities;Java;Libraries;Software maintenance;Syntactics;XML;source transformation;srcML;static code analysis},
  doi={10.1109/ICSM.2013.85},
  ISSN={1063-6773},
  month={Sept},
  review={demonstra o uso do software},
  really_refers_to_software={yes},
  contribution_weight={1},
}

@INPROCEEDINGS{7832911,
  author={G. Bavota and B. Russo},
  booktitle={2016 IEEE/ACM 13th Working Conference on Mining Software Repositories (MSR)},
  title={A Large-Scale Empirical Study on Self-Admitted Technical Debt},
  year={2016},
  pages={315-326},
  keywords={project management;software maintenance;software process improvement;software quality;bug hazards;code comments;code smells;differentiated replication;open coding;self-admitted technical debt;software projects;software quality;software systems;technical debt evolution;Couplings;Data mining;History;Java;Measurement;Software systems},
  doi={10.1109/MSR.2016.040},
  month={May},
  review={usa o software para coleta de dados},
  really_refers_to_software={yes},
  contribution_weight={3},
}

@INPROCEEDINGS{7816518,
  author={M. J. Decker and K. Swartz and M. L. Collard and J. I. Maletic},
  booktitle={2016 IEEE International Conference on Software Maintenance and Evolution (ICSME)},
  title={A Tool for Efficiently Reverse Engineering Accurate UML Class Diagrams},
  year={2016},
  pages={607-609},
  keywords={Unified Modeling Language;Web services;software engineering;source code (software);C++ source code;GPL license;UML class diagrams;Unified Modeling Language;Web service;abstract syntactic information;reverse engineering;srcML parser;yUML;C++ languages;Rendering (computer graphics);Reverse engineering;Syntactics;Unified modeling language;Web services;XML;UML class diagrams;reverse engineering;srcML;yUML},
  doi={10.1109/ICSME.2016.37},
  month={Oct},
  review={usa o software para gerar entrada para o software proposto, aparentemente contribui de volta com o srcML, n deixa claro},
  really_refers_to_software={yes},
  contribution_weight={5},
}

@INPROCEEDINGS{7884655,
  author={B. Bartman and C. D. Newman and M. L. Collard and J. I. Maletic},
  booktitle={2017 IEEE 24th International Conference on Software Analysis, Evolution and Reengineering (SANER)},
  title={srcQL: A syntax-aware query language for source code},
  year={2017},
  pages={467-471},
  keywords={XML;computational linguistics;query languages;source code (software);XML representation;XML tags;XPath;domain specific language;language syntax;query process;source code documents;source code querying;srcQL;syntactic contexts;syntactic patterns;syntax-aware query language;C++ languages;Context;Database languages;Pattern matching;Reactive power;Syntactics;XML;Source code querying;srcML;syntactic search},
  doi={10.1109/SANER.2017.7884655},
  month={Feb},
  review={implementa um novo software em cima do srcML},
  really_refers_to_software={yes},
  contribution_weight={1},
  weightless_contributions={srcQL},
}

@INPROCEEDINGS{6216604,
  author={M. Abdelkader and M. Mimoun and S. M. Benslimane},
  booktitle={2012 International Conference on Information Technology and e-Services},
  title={Locating candidate web service in legacy software: A search based approach},
  year={2012},
  pages={1-6},
  keywords={Web services;genetic algorithms;search problems;service-oriented architecture;software maintenance;approximate solution;candidate web service location;functional cohesion measurement;genetic algorithms;legacy software;search based approach;search problem;service oriented architectures;Biological cells;Computer architecture;Genetic algorithms;Search problems;Service oriented architecture;Cohesion Measure;Genetic Algorithms;Legacy Software;Web Services},
  doi={10.1109/ICITeS.2012.6216604},
  month={March},
  review={usa o software para coleta de dados},
  really_refers_to_software={yes},
  contribution_weight={3},
}

@INPROCEEDINGS{1386166,
  author={V. Wahler and D. Seipel and J. Wolff and G. Fischer},
  booktitle={Source Code Analysis and Manipulation, Fourth IEEE International Workshop on},
  title={Clone detection in source code by frequent itemset techniques},
  year={2004},
  pages={128-135},
  keywords={C++ language;Java;PROLOG;XML;program debugging;source coding;C++;Java;PROLOG;XML;clone detection;data mining;frequent itemset techniques;multiple programming languages;source code;Cloning;Computer languages;Computer science;Data mining;Itemsets;Java;Programming profession;Software maintenance;Testing;XML},
  doi={10.1109/SCAM.2004.6},
  month={Sept},
  review={cita o software em trabalhos futuros},
  really_refers_to_software={yes},
  contribution_weight={1},
}

@INPROCEEDINGS{6747199,
  author={X. Zhang and M. Persson and M. Nyberg and B. Mokhtari and A. Einarson and H. Linder and J. Westman and D. Chen and M. Törngren},
  booktitle={2014 Software Evolution Week - IEEE Conference on Software Maintenance, Reengineering, and Reverse Engineering (CSMR-WCRE)},
  title={Experience on applying software architecture recovery to automotive embedded systems},
  year={2014},
  pages={379-382},
  keywords={automobile industry;embedded systems;software architecture;source code (software);CAN signal level;Scania CV AB;automotive embedded systems;comprehensive product architecture description;extracted representation;software architecture recovery;source code;truck manufacturer;Automotive engineering;Browsers;Computer architecture;Databases;Embedded systems;Software architecture;architecture recovery;automotive industry;distributed embedded systems;software engineering},
  doi={10.1109/CSMR-WCRE.2014.6747199},
  month={Feb},
  review={usa o software},
  really_refers_to_software={yes},
  contribution_weight={3},
}

@INPROCEEDINGS{5741257,
  author={A. Corazza and S. Di Martino and V. Maggio and G. Scanniello},
  booktitle={2011 15th European Conference on Software Maintenance and Reengineering},
  title={Investigating the use of lexical information for software system clustering},
  year={2011},
  pages={35-44},
  keywords={expectation-maximisation algorithm;object-oriented programming;pattern clustering;probability;attribute;class;comments;dictionaries;expectation-maximization algorithm;hierarchical clustering algorithm;lexical information;method;parameter names;probabilistic model;software system clustering;source code statements;Clustering algorithms;Java;Partitioning algorithms;Probabilistic logic;Software algorithms;Software systems;Clustering;Lexical Information;Probabilistic Model;Software Remodularization},
  doi={10.1109/CSMR.2011.8},
  ISSN={1534-5351},
  month={March},
  review={usa o software para coleta e análise de dados},
  really_refers_to_software={yes},
  contribution_weight={3},
}

@INPROCEEDINGS{7332514,
  author={N. J. Abid and N. Dragan and M. L. Collard and J. I. Maletic},
  booktitle={2015 IEEE International Conference on Software Maintenance and Evolution (ICSME)},
  title={Using stereotypes in the automatic generation of natural language summaries for C++ methods},
  year={2015},
  pages={561-565},
  keywords={C++ language;program diagnostics;source code (software);system documentation;C++ methods;natural language documentation summaries;natural language summaries automatic generation;source code analysis framework;srcML;static analysis;stereotyping methods;Documentation;Java;Maintenance engineering;Natural language processing;Taxonomy;method stereotypes;program comprehension;source-code summarization;static analysis},
  doi={10.1109/ICSM.2015.7332514},
  month={Sept},
  review={usa o software para coleta/análise de dados},
  really_refers_to_software={yes},
  contribution_weight={3},
}

@INPROCEEDINGS{6976075,
  author={A. Potdar and E. Shihab},
  booktitle={2014 IEEE International Conference on Software Maintenance and Evolution},
  title={An Exploratory Study on Self-Admitted Technical Debt},
  year={2014},
  pages={91-100},
  keywords={project management;public domain software;software maintenance;software management;software quality;Apache HTTP Server;ArgoUML;Chromium OS;Eclipse;open source software projects;self-admitted technical debt;software maintenance;software quality;source-code comments;Chromium;Complexity theory;Computer hacking;Correlation;Java;Software maintenance;Software comments;Technical debt},
  doi={10.1109/ICSME.2014.31},
  ISSN={1063-6773},
  month={Sept},
  review={usa o software para coleta de dados},
  really_refers_to_software={yes},
  contribution_weight={3},
}

@INPROCEEDINGS{7203124,
  author={J. I. Maletic and M. L. Collard},
  booktitle={2015 IEEE/ACM 37th IEEE International Conference on Software Engineering},
  title={Exploration, Analysis, and Manipulation of Source Code Using srcML},
  year={2015},
  volume={2},
  pages={951-952},
  keywords={C++ language;Java;XML;program compilers;program diagnostics;source code (software);C-C++-C#-Java source code;XML representation;XPath;XSLT;custom analysis;custom software analysis;manipulation tools;parsing technology;source code analysis;source code exploration;source code manipulation;srcML;Conferences;Robustness;Software;Software engineering;Tutorials;XML;XML;program transformation;srcML;static program analysis},
  doi={10.1109/ICSE.2015.302},
  ISSN={0270-5257},
  month={May},
  review={apresenta o software, descreve como usar, tutorial},
  really_refers_to_software={yes},
  contribution_weight={1},
}

@INPROCEEDINGS{7516139,
  author={S. M. Alnaeli and A. D. A. Taha and T. Timm},
  booktitle={2016 IEEE 14th International Conference on Software Engineering Research, Management and Applications (SERA)},
  title={On the prevalence of function side effects in general purpose open source software systems},
  year={2016},
  pages={141-148},
  keywords={program diagnostics;public domain software;software maintenance;source code (software);MLOC;function side effect;general-purpose open source software system;million lines of code;program analysis;static analysis;system maintainability;Algorithm design and analysis;Computer architecture;Context;Inhibitors;Market research;Open source software;Software systems;function calls;function side effects;open source systems;pass by reference;software evolution;static analysis},
  doi={10.1109/SERA.2016.7516139},
  month={June},
  review={artigo não encontrado para download},
  really_refers_to_software={?},
}

@INPROCEEDINGS{7332621,
  author={M. A. d. F. Farias and M. G. d. M. Neto and A. B. d. Silva and R. O. Spínola},
  booktitle={2015 IEEE 7th International Workshop on Managing Technical Debt (MTD)},
  title={A Contextualized Vocabulary Model for identifying technical debt on code comments},
  year={2015},
  pages={25-32},
  keywords={program compilers;public domain software;vocabulary;CVM-TD;code comment analysis;code comments analysis;contextualized vocabulary model;identifying technical debt;open sources projects;source code;Context;Context modeling;Data mining;Documentation;Measurement;Software;Vocabulary;Technical debt identification;code comment analysis;mining comment;technical debt indicator},
  doi={10.1109/MTD.2015.7332621},
  month={Oct},
  review={cita o software numa referencia a outros autores utilizando como ferramenta para detectar comentários},
  really_refers_to_software={yes},
  contribution_weight={1},
}

@INPROCEEDINGS{4221630,
  author={G. CanforaHarman and M. Di Penta},
  booktitle={Future of Software Engineering, 2007. FOSE '07},
  title={New Frontiers of Reverse Engineering},
  year={2007},
  pages={326-341},
  keywords={reverse engineering;software engineering;Gerardo Canfora;Massimiliano Di Penta;software engineering;software reverse engineering;Computer Society;Computer science;Conferences;Heart;Helium;Organizing;Reverse engineering;Software engineering;Software maintenance;Software testing},
  doi={10.1109/FOSE.2007.15},
  month={May},
  review={cita o software como notável exemplo, muito adotado, de ferramenta para análise de código fonte},
  really_refers_to_software={yes},
  contribution_weight={1},
}

@INPROCEEDINGS{7883355,
  author={C. D. Newman and T. Sage and M. L. Collard and H. W. Alomari and J. I. Maletic},
  booktitle={2016 IEEE/ACM 38th International Conference on Software Engineering Companion (ICSE-C)},
  title={srcSlice: A Tool for Efficient Static Forward Slicing},
  year={2016},
  pages={621-624},
  keywords={Linux;XML;operating system kernels;program slicing;software tools;source code (software);Linux kernel;XML representation;dependency information;lightweight forward static slicing tool;program dependence graph;source code;srcSlice;variable slice;Dictionaries;Kernel;Linux;Memory management;Syntactics;static forward program slicing; srcML;static program analysis},
  month={May},
  review={usa o software (o formato srcML) para implementar numa nova ferramenta srcSlice, disponibiliza a nova ferramenta em www.srcML.org},
  really_refers_to_software={yes},
  contribution_weight={5},
}

@INPROCEEDINGS{6385133,
  author={S. M. Alnaeli and A. Alali and J. I. Maletic},
  booktitle={2012 19th Working Conference on Reverse Engineering},
  title={Empirically Examining the Parallelizability of Open Source Software System},
  year={2012},
  pages={377-386},
  keywords={parallel programming;program compilers;program diagnostics;public domain software;software maintenance;software tools;systems re-engineering;for loop;nonfree loop;open source software system;parallelizable loop;program compiler;reengineer system;refactorings tool;static analysis;Arrays;Inhibitors;Multicore processing;Open source software;Parallel processing;Program processors;Standards;Parallelization inhibitors;data dependency;emprical study;function calls;reegnineering},
  doi={10.1109/WCRE.2012.47},
  ISSN={1095-1350},
  month={Oct},
  review={usa o software para coleta e análise de dados, a escolha é justificada por ser muito eficiente e flexivel para construir analisadores estáticos},
  really_refers_to_software={yes},
  contribution_weight={3},
}
