@INPROCEEDINGS{7476415,
  author={M. Alamir and M. Fiacchini and S. B. Chabane and S. Bacha and T. Kovaltchouk},
  booktitle={2016 Eleventh International Conference on Ecological Vehicles and Renewable Energies (EVER)},
  title={Active power control under Grid Code constraints for a tidal farm},
  year={2016},
  pages={1-7},
  keywords={linear programming;power control;tidal power stations;turbines;active power control;grid code constraints;linear programming problem;power demand;tidal turbine farm;Sea measurements;Renewable energy;Tidal Turbines Farm;linear programming},
  doi={10.1109/EVER.2016.7476415},
  month={April},
  review={não faz referência ao nome do software},
  really_refers_to_software={no},
}

@INPROCEEDINGS{4681494,
  author={T. Zhang and Y. q. Cui},
  booktitle={2008 IEEE Conference on Robotics, Automation and Mechatronics},
  title={A Bilateral Control of Teleoperators Based on Time Delay Identification},
  year={2008},
  pages={797-802},
  keywords={delays;identification;telecontrol;time-varying systems;bilateral control;cross-correlation technology;teleoperators;time delay identification;time-varying delay;wave integrals;Communication system control;Control systems;Delay effects;Force control;Master-slave;Predictive models;Propagation delay;Reflection;Scattering;Teleoperators;identification;time-varying delay;wave integrals;wave variables},
  doi={10.1109/RAMECH.2008.4681494},
  ISSN={2158-2181},
  month={Sept},
  review={não faz referência ao nome do software},
  really_refers_to_software={no},
}

@INPROCEEDINGS{4026861,
  author={A. D. Thurston and J. R. Cordy},
  booktitle={2006 Sixth IEEE International Workshop on Source Code Analysis and Manipulation},
  title={Evolving TXL},
  year={2006},
  pages={117-126},
  keywords={Computer languages;Conferences;Functional programming;Heart;Large-scale systems;Logic programming;Prototypes;Testing;Web page design},
  doi={10.1109/SCAM.2006.14},
  month={Sept},
  review={é o mesmo artigo que publicou o software},
  really_refers_to_software={yes},
  mention_type={contribute},
  contribution_weight={1},
  step={study1},
}
