@INPROCEEDINGS{8090134, 
  author={G. B. d. PÃ¡dua and W. Shang}, 
  booktitle={2017 IEEE 17th International Working Conference on Source Code Analysis and Manipulation (SCAM)}, 
  title={Revisiting Exception Handling Practices with Exception Flow Analysis}, 
  year={2017}, 
  volume={}, 
  number={}, 
  pages={11-20}, 
  keywords={Java;application program interfaces;data flow analysis;error handling;public domain software;software maintenance;software reliability;system recovery;10K exception handling blocks;77K related exception;API calls;C#;automated software analysis;catastrophic software failures;error-handling code;exception flow analysis;exception handling practices;open-source Java;programming languages;quality exception;regular source code;reliability degradation;software comprehension;software maintenance;C# languages;Documentation;Java;Libraries;Software;Software engineering;Tools;exception flow analysis;exception handling;software engineering;source code analysis}, 
  doi={10.1109/SCAM.2017.16}, 
  ISSN={}, 
  month={Sept},
}
