@INPROCEEDINGS{7884652, 
  author={D. Anderson and M. Hills}, 
  booktitle={2017 IEEE 24th International Conference on Software Analysis, Evolution and Reengineering (SANER)}, 
  title={Query Construction Patterns in PHP}, 
  year={2017}, 
  volume={}, 
  number={}, 
  pages={452-456}, 
  keywords={SQL;application program interfaces;program diagnostics;program processors;query processing;software libraries;MySQL API library;open-source PHP applications;program analysis tool;program comprehension tool;program transformation tool;query construction patterns;Buildings;Computer languages;Databases;Libraries;Open source software;Pattern matching}, 
  doi={10.1109/SANER.2017.7884652}, 
  ISSN={}, 
  month={Feb},
}
