@INPROCEEDINGS{7372077,
  author={L. Ma and C. Artho and C. Zhang and H. Sato and J. Gmeiner and R. Ramler},
  booktitle={2015 30th IEEE/ACM International Conference on Automated Software Engineering (ASE)},
  title={GRT: An Automated Test Generator Using Orchestrated Program Analysis},
  year={2015},
  pages={842-847},
  keywords={program diagnostics;program testing;GRT;automated test generator;black-box approach;defect detection ability;low code coverage;orchestrated program analysis;program analysis components;random testing;software under test;static analysis;test coverage report;Data mining;Generators;Impurities;Libraries;Software systems;Testing;Automatic test generation;bug detection;dynamic analysis;random testing;static analysis},
  doi={10.1109/ASE.2015.102},
  month={Nov},
}

@INPROCEEDINGS{7372010,
  author={L. Ma and C. Artho and C. Zhang and H. Sato and J. Gmeiner and R. Ramler},
  booktitle={2015 30th IEEE/ACM International Conference on Automated Software Engineering (ASE)},
  title={GRT: Program-Analysis-Guided Random Testing (T)},
  year={2015},
  pages={212-223},
  keywords={object-oriented programming;program testing;GRT;automated test generation;continuous coverage analysis;fault detection capability;peer techniques;program analysis guided random testing;program types;static analysis;Computer bugs;Data mining;Frequency measurement;Impurities;Software;Testing;Tin;Automatic test generation;dynamic analysis;random testing;static analysis},
  doi={10.1109/ASE.2015.49},
  month={Nov},
  reference_weight={1},
}
