@inproceedings{Pruijt:2014:HAC:2642937.2648624,
  author = {Pruijt, Leo J. and K\"{o}ppe, Christian and van der Werf, Jan Martijn and Brinkkemper, Sjaak},
  title = {HUSACCT: Architecture Compliance Checking with Rich Sets of Module and Rule Types},
  booktitle = {Proceedings of the 29th ACM/IEEE International Conference on Automated Software Engineering},
  series = {ASE '14},
  year = {2014},
  isbn = {978-1-4503-3013-8},
  location = {Vasteras, Sweden},
  pages = {851--854},
  numpages = {4},
  url = {http://doi.acm.org/10.1145/2642937.2648624},
  doi = {10.1145/2642937.2648624},
  acmid = {2648624},
  publisher = {ACM},
  address = {New York, NY, USA},
  keywords = {architecture compliance, software architecture, static analysis},
  review={artigo selecionado na revis√£o estruturada},
  really_refers_to_software={yes},
  contribution_weight={1},
  step={structured-review},
  conference={ASE},
}
