@inproceedings{6975637,
  author = {D. A. Kosower and J. J. Lopez-Villarejo and S. Roubtsov},
  booktitle = {2014 IEEE 14th International Working Conference on Source Code Analysis and Manipulation},
  title = {Flowgen: Flowchart-Based Documentation Framework for C++},
  year = {2014},
  pages = {59-64},
  keywords = {C++ language;Unified Modeling Language;source code (software);C++ source code;Doxygen documentation tool;Flowgen framework;VINCIA plug-in;flowchart-based documentation framework;high-level UML activity diagrams;large Hadron Collider;Abstracts;Documentation;HTML;Standards;Syntactics;Unified modeling language;Visualization},
  doi = {10.1109/SCAM.2014.35},
  month = {Sept},
  review = {é o mesmo artigo que publicou o software},
  really_refers_to_software = {no},
}

@article{1969:1316863,
  journal = {SIGPLAN Not.},
  year = {1969},
  issn = {0362-1340},
  volume = {4},
  number = {1},
  issue_date = {January 1969},
  publisher = {ACM},
  address = {New York, NY, USA},
  key = {{$\!\!$}},
  review = {o resultado da busca no ACM DL trouxe esta entrada, mas n tem titulo, autor, etc...},
  really_refers_to_software = {no},
}

@article{1969:1316865,
  journal = {SIGPLAN Not.},
  year = {1969},
  issn = {0362-1340},
  volume = {4},
  number = {3},
  issue_date = {March 1969},
  publisher = {ACM},
  address = {New York, NY, USA},
  key = {{$\!\!$}},
  review = {o resultado da busca no ACM DL trouxe esta entrada, mas n tem titulo, autor, etc...},
  really_refers_to_software = {no},
}

@inproceedings{7097946,
  author = {A. Skrastin and G. Lauks},
  booktitle = {2015 IEEE 29th International Conference on Advanced Information Networking and Applications},
  title = {Evaluation of AggSessAC Admission Control Solution to Improve Network Revenue},
  year = {2015},
  pages = {23-28},
  keywords = {decision making;telecommunication congestion control;telecommunication network management;telecommunication traffic;AggSessAC admission control;OMNeT++ simulation environment;admission control scheme;and network revenue maximization;decision-making process;network revenue management;priority-based flow admission;serialized flow processing strategy;Admission control;Algorithm design and analysis;Bandwidth;Decision making;Delays;Fractals;Mathematical model;connection admission control;internet service provider;network revenue management},
  doi = {10.1109/AINA.2015.161},
  issn = {1550-445X},
  month = {March},
  review = {cita o nome do software num contexto não relacionado ao software},
  really_refers_to_software = {no},
}

@article{Ewald:1978:FRG:1216491.1216493,
  author = {Ewald, R. H. and Fryer, R.},
  title = {Final Report of the GSPC State-of-the-art Subcommittee},
  journal = {SIGGRAPH Comput. Graph.},
  issue_date = {June 1978},
  volume = {12},
  number = {1-2},
  month = {June},
  year = {1978},
  issn = {0097-8930},
  pages = {14--169},
  numpages = {156},
  url = {http://doi.acm.org/10.1145/1216491.1216493},
  doi = {10.1145/1216491.1216493},
  acmid = {1216493},
  publisher = {ACM},
  address = {New York, NY, USA},
  review = {artigo não encontrado para download},
  really_refers_to_software = {?},
}

@inproceedings{Moser:2016:DGA:2897676.2897679,
  author = {Moser, Michael and Pichler, Josef},
  title = {Documentation Generation from Annotated Source Code of Scientific Software},
  booktitle = {Proceedings of the International Workshop on Software Engineering for Science},
  series = {SE4Science '16},
  year = {2016},
  isbn = {978-1-4503-4167-7},
  location = {Austin, Texas},
  pages = {12--15},
  numpages = {4},
  url = {http://doi.acm.org/10.1145/2897676.2897679},
  doi = {10.1145/2897676.2897679},
  acmid = {2897679},
  publisher = {ACM},
  address = {New York, NY, USA},
  keywords = {documentation generator, reverse engineering, scientific software, software engineering tools},
  review = {cita o software como exemplo de ferramenta para gerar documentação a partir de análise de código fonte},
  really_refers_to_software = {yes},
  contribution_weight = {0.1},
}

@inproceedings{7332431,
  author = {L. Georget and F. Tronel and V. V. T. Tong},
  booktitle = {2015 IEEE 3rd Working Conference on Software Visualization (VISSOFT)},
  title = {Kayrebt: An activity diagram extraction and visualization toolset designed for the Linux codebase},
  year = {2015},
  pages = {170-174},
  keywords = {C language;Linux;Unified Modeling Language;data visualisation;graphical user interfaces;operating system kernels;program compilers;source code (software);C source code;GCC;GUI;Gnu compiler collection;Kayrebt;Linux codebase;Linux kernel;activity diagram extraction;extractor;pseudo-UML2 activity diagram;source code;viewer;visualization toolset;Graphical user interfaces;Kernel;Libraries;Linux;Navigation;Optimization;Visualization;Activity Diagrams;Compilation;Control Flow;GCC;Linux},
  doi = {10.1109/VISSOFT.2015.7332431},
  month = {Sept},
  review = {cita o software como trabalho relacionado},
  really_refers_to_software = {yes},
  contribution_weight = {0.1},
}

