@inproceedings{Moser:2016:DGA:2897676.2897679,
  author = {Moser, Michael and Pichler, Josef},
  title = {Documentation Generation from Annotated Source Code of Scientific Software: Position Paper},
  booktitle = {Proceedings of the International Workshop on Software Engineering for Science},
  series = {SE4Science '16},
  year = {2016},
  isbn = {978-1-4503-4167-7},
  location = {Austin, Texas},
  pages = {12--15},
  numpages = {4},
  url = {http://doi.acm.org/10.1145/2897676.2897679},
  doi = {10.1145/2897676.2897679},
  acmid = {2897679},
  publisher = {ACM},
  address = {New York, NY, USA},
  keywords = {documentation generator, reverse engineering, scientific software, software engineering tools},
}

@Article{1969:1316863,
  journal = {SIGPLAN Not.},
  year = {1969},
  issn = {0362-1340},
  volume = {4},
  number = {1},
  issue_date = {January 1969},
  publisher = {ACM},
  address = {New York, NY, USA},
  key = {{$\!\!$}} ,
}

@Article{1969:1316865,
  journal = {SIGPLAN Not.},
  year = {1969},
  issn = {0362-1340},
  volume = {4},
  number = {3},
  issue_date = {March 1969},
  publisher = {ACM},
  address = {New York, NY, USA},
  key = {{$\!\!$}} ,
}

@article{Ewald:1978:FRG:1216491.1216493,
  author = {Ewald, R. H. and Fryer, R.},
  title = {Final Report of the GSPC State-of-the-art Subcommittee},
  journal = {SIGGRAPH Comput. Graph.},
  issue_date = {June 1978},
  volume = {12},
  number = {1-2},
  month = jun,
  year = {1978},
  issn = {0097-8930},
  pages = {14--169},
  numpages = {156},
  url = {http://doi.acm.org/10.1145/1216491.1216493},
  doi = {10.1145/1216491.1216493},
  acmid = {1216493},
  publisher = {ACM},
  address = {New York, NY, USA},
}
