@INPROCEEDINGS{7781796, 
  author={A. R. Dâ€™Souza and D. Yang and C. V. Lopes}, 
  booktitle={2016 IEEE 16th International Working Conference on Source Code Analysis and Manipulation (SCAM)}, 
  title={Collective Intelligence for Smarter API Recommendations in Python}, 
  year={2016}, 
  volume={}, 
  number={}, 
  pages={51-60}, 
  keywords={Java;application program interfaces;query processing;recommender systems;software engineering;Java;PyReco;Python;application programming interfaces;code completion queries;collective intelligence;intelligent code completion system;smarter API recommendation;ten-fold cross validation technique;Bayes methods;Context;Data mining;Documentation;Java;Libraries;Standards;API Recommendations;Code completion;Code recommenders;Dynamic languages;Program Analysis;Python;Static Analysis;Usage Mining}, 
  doi={10.1109/SCAM.2016.22}, 
  ISSN={}, 
  month={Oct},
}
