@INPROCEEDINGS{7832835,
  author={S. F. Siegel and M. Zheng and Z. Luo and T. K. Zirkel and A. V. Marianiello and J. G. Edenhofner and M. B. Dwyer and M. S. Rogers},
  booktitle={SC15: International Conference for High Performance Computing, Networking, Storage and Analysis},
  title={CIVL: the concurrency intermediate verification language},
  year={2015},
  pages={1-12},
  keywords={concurrency (computers);message passing;multi-threading;program verification;CIVL;CUDA;GPU language extensions;MPI;OpenMP;Pthreads;assertion violations;back-end verifier;concurrency intermediate verification language;deadlock absence;divisions by zero;illegal pointer dereferences;memory leaks;message-passing libraries;model checking;multithreading;out-of-bound array indexing;parallel programs;race conditions;software verification tools;symbolic execution;Concurrent computing;Government;Graphics processing units;Libraries;Message systems;Model checking;Standards},
  doi={10.1145/2807591.2807635},
  month={Nov},
  review={?},
  really_refers_to_software={yes},
}

@INPROCEEDINGS{7372075,
  author={M. Zheng and M. S. Rogers and Z. Luo and M. B. Dwyer and S. F. Siegel},
  booktitle={2015 30th IEEE/ACM International Conference on Automated Software Engineering (ASE)},
  title={CIVL: Formal Verification of Parallel Programs},
  year={2015},
  pages={830-835},
  keywords={C language;parallel programming;program diagnostics;program verification;C program;CIVL;CUDA;MPI-based 1d-wave simulator;MPI-plus-OpenMP program;Pthread;concurrency intermediate verification language;concurrent program;formal verification;hybrid program;parallel program;static analysis;Concurrent computing;Electronic mail;Government;Graphics processing units;Libraries;Maintenance engineering;Standards;MPI;OpenMP;function equivalence;model checking;parallel programs;software verification;symbolic execution},
  doi={10.1109/ASE.2015.99},
  month={Nov},
  review={Ã© o mesmo artigo que publicou o software},
  really_refers_to_software={no},
}
