@inproceedings{Fischer:2013:CCP:3107656.3107756,
  author = {Fischer, Bernd and Inverso, Omar and Parlato, Gennaro},
  title = {CSeq: A Concurrency Pre-processor for Sequential C Verification Tools},
  booktitle = {Proceedings of the 28th IEEE/ACM International Conference on Automated Software Engineering},
  series = {ASE'13},
  year = {2013},
  isbn = {978-1-4799-0215-6},
  location = {Silicon Valley, CA, USA},
  pages = {710--713},
  numpages = {4},
  url = {https://doi.org/10.1109/ASE.2013.6693139},
  doi = {10.1109/ASE.2013.6693139},
  acmid = {3107756},
  publisher = {IEEE Press},
  address = {Piscataway, NJ, USA},
  review={é o mesmo artigo que publicou o software},
  really_refers_to_software={no},
}

@inproceedings{Tomasco:2016:LST:3077629.3077662,
  author = {Tomasco, Ermenegildo and Nguyen, Truc L. and Inverso, Omar and Fischer, Bernd and La Torre, Salvatore and Parlato, Gennaro},
  title = {Lazy Sequentialization for TSO and PSO via Shared Memory Abstractions},
  booktitle = {Proceedings of the 16th Conference on Formal Methods in Computer-Aided Design},
  series = {FMCAD '16},
  year = {2016},
  isbn = {978-0-9835678-6-8},
  location = {Mountain View, California},
  pages = {193--200},
  numpages = {8},
  url = {http://dl.acm.org/citation.cfm?id=3077629.3077662},
  acmid = {3077662},
  publisher = {FMCAD Inc},
  address = {Austin, TX},
  review={implementa um protótipo chamado LazySMA usando como base o código do software, não disponibiliza o código do protótipo, os autores do software selecionado na revisão estruturada estão todos incluídos aqui},
  really_refers_to_software={yes},
  contribution_weight={3},
}

@inproceedings{Drienyovszky:2010:QRT:1863509.1863521,
  author = {Drienyovszky, D\'{a}niel and Horp\'{a}csi, D\'{a}niel and Thompson, Simon},
  title = {Quickchecking Refactoring Tools},
  booktitle = {Proceedings of the 9th ACM SIGPLAN Workshop on Erlang},
  series = {Erlang '10},
  year = {2010},
  isbn = {978-1-4503-0253-1},
  location = {Baltimore, Maryland, USA},
  pages = {75--80},
  numpages = {6},
  url = {http://doi.acm.org/10.1145/1863509.1863521},
  doi = {10.1145/1863509.1863521},
  acmid = {1863521},
  publisher = {ACM},
  address = {New York, NY, USA},
  keywords = {attribute grammar, erlang, property, quickcheck, random program generation, refactorerl, refactoring, wrangler, yecc},
  review={o nome do software aparece num trecho de código fonte exemplo},
  really_refers_to_software={no},
}

@inproceedings{Siegel:2015:CCI:2807591.2807635,
  author = {Siegel, Stephen F. and Zheng, Manchun and Luo, Ziqing and Zirkel, Timothy K. and Marianiello, Andre V. and Edenhofner, John G. and Dwyer, Matthew B. and Rogers, Michael S.},
  title = {CIVL: The Concurrency Intermediate Verification Language},
  booktitle = {Proceedings of the International Conference for High Performance Computing, Networking, Storage and Analysis},
  series = {SC '15},
  year = {2015},
  isbn = {978-1-4503-3723-6},
  location = {Austin, Texas},
  pages = {61:1--61:12},
  articleno = {61},
  numpages = {12},
  url = {http://doi.acm.org/10.1145/2807591.2807635},
  doi = {10.1145/2807591.2807635},
  acmid = {2807635},
  publisher = {ACM},
  address = {New York, NY, USA},
  keywords = {CUDA, MPI, OpenMP, concurrency, intermediate representation, model checking, parallel programming, program transformation, pthreads, symbolic execution, verification},
  review={não faz referência ao nome do software},
  really_refers_to_software={no},
}

@inproceedings{Bouajjani:2015:TRC:2676726.2677002,
  author = {Bouajjani, Ahmed and Emmi, Michael and Enea, Constantin and Hamza, Jad},
  title = {Tractable Refinement Checking for Concurrent Objects},
  booktitle = {Proceedings of the 42Nd Annual ACM SIGPLAN-SIGACT Symposium on Principles of Programming Languages},
  series = {POPL '15},
  year = {2015},
  isbn = {978-1-4503-3300-9},
  location = {Mumbai, India},
  pages = {651--662},
  numpages = {12},
  url = {http://doi.acm.org/10.1145/2676726.2677002},
  doi = {10.1145/2676726.2677002},
  acmid = {2677002},
  publisher = {ACM},
  address = {New York, NY, USA},
  keywords = {concurrency, linearizability, refinement},
  review={usa o software para fazer análise, usa para 'sequentialize a simple program which invokes a limited number of library methods},
  really_refers_to_software={yes},
  contribution_weight={3},
}

@article{Bouajjani:2015:TRC:2775051.2677002,
  author = {Bouajjani, Ahmed and Emmi, Michael and Enea, Constantin and Hamza, Jad},
  title = {Tractable Refinement Checking for Concurrent Objects},
  journal = {SIGPLAN Not.},
  issue_date = {January 2015},
  volume = {50},
  number = {1},
  month = jan,
  year = {2015},
  issn = {0362-1340},
  pages = {651--662},
  numpages = {12},
  url = {http://doi.acm.org/10.1145/2775051.2677002},
  doi = {10.1145/2775051.2677002},
  acmid = {2677002},
  publisher = {ACM},
  address = {New York, NY, USA},
  keywords = {concurrency, linearizability, refinement},
  review={item duplicado},
  really_refers_to_software={no},
}

@inproceedings{Mayer:2016:SLT:2998392.2998395,
  author = {Mayer, Mika\"{e}l and Madhavan, Ravichandhran},
  title = {A Scala Library for Testing Student Assignments on Concurrent Programming},
  booktitle = {Proceedings of the 2016 7th ACM SIGPLAN Symposium on Scala},
  series = {SCALA 2016},
  year = {2016},
  isbn = {978-1-4503-4648-1},
  location = {Amsterdam, Netherlands},
  pages = {1--10},
  numpages = {10},
  url = {http://doi.acm.org/10.1145/2998392.2998395},
  doi = {10.1145/2998392.2998395},
  acmid = {2998395},
  publisher = {ACM},
  address = {New York, NY, USA},
  keywords = {Concurrency, Deadlocks, Debugging, Grading, Scheduling, Synchro- nization, Testing},
  review={cita o software como trabalho relacionado},
  really_refers_to_software={yes},
  contribution_weight={1},
}

@article{Botincan:2013:PPS:2491522.2491525,
  author = {Botin\v{c}an, Matko and Dodds, Mike and Jagannathan, Suresh},
  title = {Proof-Directed Parallelization Synthesis by Separation Logic},
  journal = {ACM Trans. Program. Lang. Syst.},
  issue_date = {July 2013},
  volume = {35},
  number = {2},
  month = jul,
  year = {2013},
  issn = {0164-0925},
  pages = {8:1--8:60},
  articleno = {8},
  numpages = {60},
  url = {http://doi.acm.org/10.1145/2491522.2491525},
  doi = {10.1145/2491522.2491525},
  acmid = {2491525},
  publisher = {ACM},
  address = {New York, NY, USA},
  keywords = {Separation logic, abduction, deterministic parallelism, frame inference},
  review={o nome do software ocorre num contexto não relacionado ao software},
  really_refers_to_software={no},
}

@inproceedings{Acharya:2007:RMS:1269880.1269892,
  author = {Acharya, Arup and Wang, Xiping and Wright, Charles and Banerjee, Nilanjan and Sengupta, Bikram},
  title = {Real-time Monitoring of SIP Infrastructure Using Message Classification},
  booktitle = {Proceedings of the 3rd Annual ACM Workshop on Mining Network Data},
  series = {MineNet '07},
  year = {2007},
  isbn = {978-1-59593-792-6},
  location = {San Diego, California, USA},
  pages = {45--50},
  numpages = {6},
  url = {http://doi.acm.org/10.1145/1269880.1269892},
  doi = {10.1145/1269880.1269892},
  acmid = {1269892},
  publisher = {ACM},
  address = {New York, NY, USA},
  keywords = {VoIP, classification, monitoring, session initiation protocol},
  review={o nome do software aparece num trecho de código fonte exemplo},
  really_refers_to_software={no},
}

@inproceedings{Vojdani:2016:SRD:2970276.2970337,
  author = {Vojdani, Vesal and Apinis, Kalmer and R\~{o}tov, Vootele and Seidl, Helmut and Vene, Varmo and Vogler, Ralf},
  title = {Static Race Detection for Device Drivers: The Goblint Approach},
  booktitle = {Proceedings of the 31st IEEE/ACM International Conference on Automated Software Engineering},
  series = {ASE 2016},
  year = {2016},
  isbn = {978-1-4503-3845-5},
  location = {Singapore, Singapore},
  pages = {391--402},
  numpages = {12},
  url = {http://doi.acm.org/10.1145/2970276.2970337},
  doi = {10.1145/2970276.2970337},
  acmid = {2970337},
  publisher = {ACM},
  address = {New York, NY, USA},
  keywords = {Concurrency, abstract interpretation, race condition},
  review={cita um artigo com o nome do software no título},
  really_refers_to_software={no},
}

@inproceedings{Carbone:2013:DMA:2429069.2429101,
  author = {Carbone, Marco and Montesi, Fabrizio},
  title = {Deadlock-freedom-by-design: Multiparty Asynchronous Global Programming},
  booktitle = {Proceedings of the 40th Annual ACM SIGPLAN-SIGACT Symposium on Principles of Programming Languages},
  series = {POPL '13},
  year = {2013},
  isbn = {978-1-4503-1832-7},
  location = {Rome, Italy},
  pages = {263--274},
  numpages = {12},
  url = {http://doi.acm.org/10.1145/2429069.2429101},
  doi = {10.1145/2429069.2429101},
  acmid = {2429101},
  publisher = {ACM},
  address = {New York, NY, USA},
  keywords = {choreography, concurrency, sessions, types},
  review={o nome do software aparece em fórmulas matemáticas},
  really_refers_to_software={no},
}

@article{Carbone:2013:DMA:2480359.2429101,
  author = {Carbone, Marco and Montesi, Fabrizio},
  title = {Deadlock-freedom-by-design: Multiparty Asynchronous Global Programming},
  journal = {SIGPLAN Not.},
  issue_date = {January 2013},
  volume = {48},
  number = {1},
  month = jan,
  year = {2013},
  issn = {0362-1340},
  pages = {263--274},
  numpages = {12},
  url = {http://doi.acm.org/10.1145/2480359.2429101},
  doi = {10.1145/2480359.2429101},
  acmid = {2429101},
  publisher = {ACM},
  address = {New York, NY, USA},
  keywords = {choreography, concurrency, sessions, types},
  review={item duplicado},
  really_refers_to_software={no},
}

@inproceedings{Dainotti:2012:ASS:2398776.2398778,
  author = {Dainotti, Alberto and King, Alistair and Claffy, kc and Papale, Ferdinando and Pescap\`{e}, Antonio},
  title = {Analysis of a "/0" Stealth Scan from a Botnet},
  booktitle = {Proceedings of the 2012 Internet Measurement Conference},
  series = {IMC '12},
  year = {2012},
  isbn = {978-1-4503-1705-4},
  location = {Boston, Massachusetts, USA},
  pages = {1--14},
  numpages = {14},
  url = {http://doi.acm.org/10.1145/2398776.2398778},
  doi = {10.1145/2398776.2398778},
  acmid = {2398778},
  publisher = {ACM},
  address = {New York, NY, USA},
  keywords = {bot, botnet, coordination, covert, darknet, internet background radiation, network telescope, probing, sality, scan, sip, stealth, voip},
  review={o nome do software aparece num trecho de código fonte exemplo},
  really_refers_to_software={no},
}

@article{Walkinshaw:2013:ACS:2430545.2430549,
  author = {Walkinshaw, Neil and Bogdanov, Kirill},
  title = {Automated Comparison of State-Based Software Models in Terms of Their Language and Structure},
  journal = {ACM Trans. Softw. Eng. Methodol.},
  issue_date = {March 2013},
  volume = {22},
  number = {2},
  month = mar,
  year = {2013},
  issn = {1049-331X},
  pages = {13:1--13:37},
  articleno = {13},
  numpages = {37},
  url = {http://doi.acm.org/10.1145/2430545.2430549},
  doi = {10.1145/2430545.2430549},
  acmid = {2430549},
  publisher = {ACM},
  address = {New York, NY, USA},
  keywords = {Labeled transition systems, accuracy, comparison},
  review={não faz referência ao nome do software},
  really_refers_to_software={no},
}
