@INPROCEEDINGS{7781803,
  author={V. Musco and M. Monperrus and P. Preux}, 
  booktitle={2016 IEEE 16th International Working Conference on Source Code Analysis and Manipulation (SCAM)}, 
  title={Mutation-Based Graph Inference for Fault Localization}, 
  year={2016}, 
  volume={}, 
  number={}, 
  pages={97-106}, 
  keywords={approximation theory;causality;fault diagnosis;graph theory;inference mechanisms;program testing;Vautrin;call graph edges;causality approximation;failing test;fault localization algorithm;mutation point;mutation-based graph inference;software mutants;Algorithm design and analysis;Approximation algorithms;Computer bugs;Inference algorithms;Prediction algorithms;Software;Software algorithms}, 
  doi={10.1109/SCAM.2016.24}, 
  ISSN={}, 
  month={Oct},
}
