@inproceedings{Near:2014:DIS:2642937.2643012,
  author = {Near, Joseph P. and Jackson, Daniel},
  title = {Derailer: Interactive Security Analysis for Web Applications},
  booktitle = {Proceedings of the 29th ACM/IEEE International Conference on Automated Software Engineering},
  series = {ASE '14},
  year = {2014},
  isbn = {978-1-4503-3013-8},
  location = {Vasteras, Sweden},
  pages = {587--598},
  numpages = {12},
  url = {http://doi.acm.org/10.1145/2642937.2643012},
  doi = {10.1145/2642937.2643012},
  acmid = {2643012},
  publisher = {ACM},
  address = {New York, NY, USA},
  keywords = {security, static analysis, web applications},
  review={é o mesmo artigo que publicou o software},
  really_refers_to_software={no},
}

@inproceedings{Near:2016:FSB:2884781.2884836,
  author = {Near, Joseph P. and Jackson, Daniel},
  title = {Finding Security Bugs in Web Applications Using a Catalog of Access Control Patterns},
  booktitle = {Proceedings of the 38th International Conference on Software Engineering},
  series = {ICSE '16},
  year = {2016},
  isbn = {978-1-4503-3900-1},
  location = {Austin, Texas},
  pages = {947--958},
  numpages = {12},
  url = {http://doi.acm.org/10.1145/2884781.2884836},
  doi = {10.1145/2884781.2884836},
  acmid = {2884836},
  publisher = {ACM},
  address = {New York, NY, USA},
  keywords = {access control, bug finding, web application security},
  review={mesmos autores, cita o software como trabalho anterior, o paper publica um software chamado SPACE, uma implementação open source disponibilizado em http://www.cs.berkeley.edu/~jnear/space , uma versão modificada do software (derailer), aparentemente é uma evolução do derailer com outro nome, mais abrangente},
  really_refers_to_software={yes},
  reference_weight={0},
  weightless_contributions={SPACE},
}

@inproceedings{Bocic:2017:SME:3097368.3097455,
  author = {Boci\'{c}, Ivan and Bultan, Tevfik},
  title = {Symbolic Model Extraction for Web Application Verification},
  booktitle = {Proceedings of the 39th International Conference on Software Engineering},
  series = {ICSE '17},
  year = {2017},
  isbn = {978-1-5386-3868-2},
  location = {Buenos Aires, Argentina},
  pages = {724--734},
  numpages = {11},
  url = {https://doi.org/10.1109/ICSE.2017.72},
  doi = {10.1109/ICSE.2017.72},
  acmid = {3097455},
  publisher = {IEEE Press},
  address = {Piscataway, NJ, USA},
  keywords = {formal verification, model extraction, web applications},
  review={apenas cita o artigo que publicou o software},
  really_refers_to_software={no},
}

@inproceedings{Boci:2016:FAC:2970276.2970350,
  author = {Boci\'{c}, Ivan and Bultan, Tevfik},
  title = {Finding Access Control Bugs in Web Applications with CanCheck},
  booktitle = {Proceedings of the 31st IEEE/ACM International Conference on Automated Software Engineering},
  series = {ASE 2016},
  year = {2016},
  isbn = {978-1-4503-3845-5},
  location = {Singapore, Singapore},
  pages = {155--166},
  numpages = {12},
  url = {http://doi.acm.org/10.1145/2970276.2970350},
  doi = {10.1145/2970276.2970350},
  acmid = {2970350},
  publisher = {ACM},
  address = {New York, NY, USA},
  keywords = {Access Control, Logic-based Verification, Web Applications},
  review={apenas cita o artigo que publicou o software},
  really_refers_to_software={no},
}

@article{Neumann:2011:RP:1921532.1921537,
  author = {Neumann, Peter G.},
  title = {Risks to the Public},
  journal = {SIGSOFT Softw. Eng. Notes},
  issue_date = {January 2011},
  volume = {36},
  number = {1},
  month = jan,
  year = {2011},
  issn = {0163-5948},
  pages = {19--27},
  numpages = {9},
  url = {http://doi.acm.org/10.1145/1921532.1921537},
  doi = {10.1145/1921532.1921537},
  acmid = {1921537},
  publisher = {ACM},
  address = {New York, NY, USA},
  review={não faz referência ao nome do software},
  really_refers_to_software={no},
}

@article{Schiller:2012:RBW:2398857.2384624,
  author = {Schiller, Todd W. and Ernst, Michael D.},
  title = {Reducing the Barriers to Writing Verified Specifications},
  journal = {SIGPLAN Not.},
  issue_date = {October 2012},
  volume = {47},
  number = {10},
  month = oct,
  year = {2012},
  issn = {0362-1340},
  pages = {95--112},
  numpages = {18},
  url = {http://doi.acm.org/10.1145/2398857.2384624},
  doi = {10.1145/2398857.2384624},
  acmid = {2384624},
  publisher = {ACM},
  address = {New York, NY, USA},
  keywords = {crowdsourcing, human factors, program verification},
  review={não faz referência ao nome do software},
  really_refers_to_software={no},
}

@inproceedings{Schiller:2012:RBW:2384616.2384624,
  author = {Schiller, Todd W. and Ernst, Michael D.},
  title = {Reducing the Barriers to Writing Verified Specifications},
  booktitle = {Proceedings of the ACM International Conference on Object Oriented Programming Systems Languages and Applications},
  series = {OOPSLA '12},
  year = {2012},
  isbn = {978-1-4503-1561-6},
  location = {Tucson, Arizona, USA},
  pages = {95--112},
  numpages = {18},
  url = {http://doi.acm.org/10.1145/2384616.2384624},
  doi = {10.1145/2384616.2384624},
  acmid = {2384624},
  publisher = {ACM},
  address = {New York, NY, USA},
  keywords = {crowdsourcing, human factors, program verification},
  review={item duplicado},
  really_refers_to_software={no},
}
