@INPROCEEDINGS{7886970,
  author={J. P. Near and D. Jackson},
  booktitle={2016 IEEE/ACM 38th International Conference on Software Engineering (ICSE)},
  title={Finding Security Bugs in Web Applications Using a Catalog of Access Control Patterns},
  year={2016},
  pages={947-958},
  keywords={Internet;authorisation;object-oriented programming;program debugging;Github;SPACE;Web applications;access control patterns catalog;access control use case;data exposure;security bugs;security pattern;specification-free technique;Access control;Aerospace electronics;Computer bugs;Databases;Open source software;Rails;access control;bug finding;web application security},
  doi={10.1145/2884781.2884836},
  month={May},
  review={mesmos autores, cita o software como trabalho anterior, o paper publica um software chamado SPACE, uma implementação open source disponibilizado em http://www.cs.berkeley.edu/~jnear/space , uma versão modificada do software (derailer), aparentemente é uma evolução do derailer com outro nome, mais abrangente},
  really_refers_to_software={yes},
  reference_weight={0},
  weightless_contributions={SPACE},
}
