@INPROCEEDINGS{7816486,
  author={L. Li and T. F. Bissyandé and Y. L. Traon and J. Klein},
  booktitle={2016 IEEE International Conference on Software Maintenance and Evolution (ICSME)},
  title={Accessing Inaccessible Android APIs: An Empirical Study},
  year={2016},
  pages={411-422},
  keywords={Android (operating system);application program interfaces;authorisation;mobile computing;risk management;smart phones;software engineering;source code (software);API-based functionality;Android programming model;SDK;application program interface;inaccessible Android API;mobile app risk;software development kit;source code base;Androids;Ecosystems;Google;Humanoid robots;Libraries;Runtime;Software},
  doi={10.1109/ICSME.2016.35},
  month={Oct},
  review={apenas cita o artigo que publicou o software},
  really_refers_to_software={no},
}

@INPROCEEDINGS{4161574,
  author={R. Pettegrew and J. Easton and P. Struk and E. Anderson},
  booktitle={2007 IEEE Aerospace Conference},
  title={In-Flight Manual Electronics Repair for Deep-Space Missions},
  year={2007},
  pages={1-16},
  keywords={maintenance engineering;space vehicle electronics;NASA project;commercial solutions;commercial technologies;component-level repairs;deep-space missions;design recommendations;in-flight manual electronics repair;long-duration spaceflight missions;reduced gravity environment;Aerospace electronics;Costs;Hardware;Low earth orbit satellites;NASA;Space missions;Space stations;Space technology;Space vehicles;Vehicle safety},
  doi={10.1109/AERO.2007.352727},
  ISSN={1095-323X},
  month={March},
  review={o nome do software é citado num contexto não relacionado ao software},
  really_refers_to_software={no},
}

@INPROCEEDINGS{6494906,
  author={T. F. Bissyandé and L. Réveillère and J. L. Lawall and G. Muller},
  booktitle={2012 Proceedings of the 27th IEEE/ACM International Conference on Automated Software Engineering},
  title={Diagnosys: automatic generation of a debugging interface to the Linux kernel},
  year={2012},
  pages={60-69},
  keywords={Linux;operating system kernels;program debugging;user interfaces;Diagnosys;Linux kernel;debugging interface automatic generation;external modules;kernel crash;kernel maintainer;kernel-level services;log information;Debugging;Device drivers;Diagnosys;Linux;Wrappers},
  doi={10.1145/2351676.2351686},
  month={Sept},
  review={é o mesmo artigo que publicou o software},
  really_refers_to_software={yes},
  contribution_weight={1},
  step={structured-review},
}
