@inproceedings{Pereira:2016:VCP:2851613.2851830,
  author = {Pereira, Phillipe and Albuquerque, Higo and Marques, Hendrio and Silva, Isabela and Carvalho, Celso and Cordeiro, Lucas and Santos, Vanessa and Ferreira, Ricardo},
  title = {Verifying CUDA Programs Using SMT-based Context-bounded Model Checking},
  booktitle = {Proceedings of the 31st Annual ACM Symposium on Applied Computing},
  series = {SAC '16},
  year = {2016},
  isbn = {978-1-4503-3739-7},
  location = {Pisa, Italy},
  pages = {1648--1653},
  numpages = {6},
  url = {http://doi.acm.org/10.1145/2851613.2851830},
  doi = {10.1145/2851613.2851830},
  acmid = {2851830},
  publisher = {ACM},
  address = {New York, NY, USA},
  keywords = {CUDA programs, GPU kernels, MPOR, symbolic and explicit model checking},
  review={implementa uma extensão do software chamada ESBMC-GPU para verificação de programas GPU escritos para o framework CUDA, disponibilizado em http://esbmc-gpu.org https://github.com/ssvlab/esbmc-gpu},
  really_refers_to_software={yes},
  contribution_weight={0.5},
}

@inproceedings{Darke:2015:OLP:2757012.2757139,
  author = {Darke, Priyanka and Chimdyalwar, Bharti and Venkatesh, R. and Shrotri, Ulka and Metta, Ravindra},
  title = {Over-approximating Loops to Prove Properties Using Bounded Model Checking},
  booktitle = {Proceedings of the 2015 Design, Automation \& Test in Europe Conference \& Exhibition},
  series = {DATE '15},
  year = {2015},
  location = {Grenoble, France},
  pages = {1407--1412},
  numpages = {6},
  url = {http://dl.acm.org/citation.cfm?id=2757012.2757139},
  acmid = {2757139},
  publisher = {EDA Consortium},
  address = {San Jose, CA, USA},
  review={usa o software, entre outros, para coletar e analisar dados},
  really_refers_to_software={yes},
  contribution_weight={0.25},
}

@inproceedings{Darke:2015:OLP:2755753.2757139,
  author = {Darke, Priyanka and Chimdyalwar, Bharti and Venkatesh, R. and Shrotri, Ulka and Metta, Ravindra},
  title = {Over-approximating Loops to Prove Properties Using Bounded Model Checking},
  booktitle = {Proceedings of the 2015 Design, Automation \&\#38; Test in Europe Conference \&\#38; Exhibition},
  series = {DATE '15},
  year = {2015},
  isbn = {978-3-9815370-4-8},
  location = {Grenoble, France},
  pages = {1407--1412},
  numpages = {6},
  url = {http://dl.acm.org/citation.cfm?id=2755753.2757139},
  acmid = {2757139},
  publisher = {EDA Consortium},
  address = {San Jose, CA, USA},
  review={item duplicado},
  really_refers_to_software={no},
}

@inproceedings{Cordeiro:2011:VMS:1985793.1985839,
  author = {Cordeiro, Lucas and Fischer, Bernd},
  title = {Verifying Multi-threaded Software Using Smt-based Context-bounded Model Checking},
  booktitle = {Proceedings of the 33rd International Conference on Software Engineering},
  series = {ICSE '11},
  year = {2011},
  isbn = {978-1-4503-0445-0},
  location = {Waikiki, Honolulu, HI, USA},
  pages = {331--340},
  numpages = {10},
  url = {http://doi.acm.org/10.1145/1985793.1985839},
  doi = {10.1145/1985793.1985839},
  acmid = {1985839},
  publisher = {ACM},
  address = {New York, NY, USA},
  keywords = {formal software verification, multi-threaded systems, sat modulo theories, symbolic and explicit model checking},
  review={em trabalho anterior extendeu o ESBMC, neste artigo continuam e avaliam as abordagens utilizadas para verificação de modelos para softwares ANSI-C multi-thread},
  really_refers_to_software={yes},
  contribution_weight={0.25},
}

@inproceedings{Fischer:2013:CCP:3107656.3107756,
  author = {Fischer, Bernd and Inverso, Omar and Parlato, Gennaro},
  title = {CSeq: A Concurrency Pre-processor for Sequential C Verification Tools},
  booktitle = {Proceedings of the 28th IEEE/ACM International Conference on Automated Software Engineering},
  series = {ASE'13},
  year = {2013},
  isbn = {978-1-4799-0215-6},
  location = {Silicon Valley, CA, USA},
  pages = {710--713},
  numpages = {4},
  url = {https://doi.org/10.1109/ASE.2013.6693139},
  doi = {10.1109/ASE.2013.6693139},
  acmid = {3107756},
  publisher = {IEEE Press},
  address = {Piscataway, NJ, USA},
  review={apresenta o software CSeq e cita o software como uma das opções de backend do CSeq},
  really_refers_to_software={yes},
  contribution_weight={0.1},
}

@inproceedings{Falke:2013:BMC:3107656.3107755,
  author = {Falke, Stephan and Merz, Florian and Sinz, Carsten},
  title = {The Bounded Model Checker LLBMC},
  booktitle = {Proceedings of the 28th IEEE/ACM International Conference on Automated Software Engineering},
  series = {ASE'13},
  year = {2013},
  isbn = {978-1-4799-0215-6},
  location = {Silicon Valley, CA, USA},
  pages = {706--709},
  numpages = {4},
  url = {https://doi.org/10.1109/ASE.2013.6693138},
  doi = {10.1109/ASE.2013.6693138},
  acmid = {3107755},
  publisher = {IEEE Press},
  address = {Piscataway, NJ, USA},
  review={cita o software como trabalho relacionado},
  really_refers_to_software={yes},
  contribution_weight={0.1},
}

@inproceedings{Cordeiro:2009:SBM:1747491.1747515,
  author = {Cordeiro, Lucas and Fischer, Bernd and Marques-Silva, Joao},
  title = {SMT-Based Bounded Model Checking for Embedded ANSI-C Software},
  booktitle = {Proceedings of the 2009 IEEE/ACM International Conference on Automated Software Engineering},
  series = {ASE '09},
  year = {2009},
  isbn = {978-0-7695-3891-4},
  pages = {137--148},
  numpages = {12},
  url = {http://dx.doi.org/10.1109/ASE.2009.63},
  doi = {10.1109/ASE.2009.63},
  acmid = {1747515},
  publisher = {IEEE Computer Society},
  address = {Washington, DC, USA},
  keywords = {Bounded Model Checking, Satisfiability Modulo Theories, Embedded ANSI-C Software},
  review={é o mesmo artigo que publicou o software},
  really_refers_to_software={no},
}

@article{Cordeiro:2016:SCM:2934240.2934247,
  author = {Cordeiro, Lucas C. and de Lima Filho, Eddie B.},
  title = {SMT-Based Context-Bounded Model Checking for Embedded Systems: Challenges and Future Trends},
  journal = {SIGSOFT Softw. Eng. Notes},
  issue_date = {May 2016},
  volume = {41},
  number = {3},
  month = jun,
  year = {2016},
  issn = {0163-5948},
  pages = {1--6},
  numpages = {6},
  url = {http://doi.acm.org/10.1145/2934240.2934247},
  doi = {10.1145/2934240.2934247},
  acmid = {2934247},
  publisher = {ACM},
  address = {New York, NY, USA},
  review={cita o software, cita algumas contribuições feita a partir de outros papers, com citação a eles},
  really_refers_to_software={yes},
  contribution_weight={0.1},
}

@inproceedings{Monteiro:2016:BMC:2950290.2983979,
  author = {Monteiro, Felipe R.},
  title = {Bounded Model Checking of State-space Digital Systems: The Impact of Finite Word-length Effects on the Implementation of Fixed-point Digital Controllers Based on State-space Modeling},
  booktitle = {Proceedings of the 2016 24th ACM SIGSOFT International Symposium on Foundations of Software Engineering},
  series = {FSE 2016},
  year = {2016},
  isbn = {978-1-4503-4218-6},
  location = {Seattle, WA, USA},
  pages = {1151--1153},
  numpages = {3},
  url = {http://doi.acm.org/10.1145/2950290.2983979},
  doi = {10.1145/2950290.2983979},
  acmid = {2983979},
  publisher = {ACM},
  address = {New York, NY, USA},
  keywords = {Digital Controllers, Formal Verification, Model Checking, Real-time Systems, State-Space},
  review={cita o software como exemplo de ferramenta para 'efficient bounded model-checking'},
  really_refers_to_software={yes},
  contribution_weight={0.1},
}

@inproceedings{Cho:2013:BCB:3107656.3107677,
  author = {Cho, Chia Yuan and D'Silva, Vijay and Song, Dawn},
  title = {BLITZ: Compositional Bounded Model Checking for Real-world Programs},
  booktitle = {Proceedings of the 28th IEEE/ACM International Conference on Automated Software Engineering},
  series = {ASE'13},
  year = {2013},
  isbn = {978-1-4799-0215-6},
  location = {Silicon Valley, CA, USA},
  pages = {136--146},
  numpages = {11},
  url = {https://doi.org/10.1109/ASE.2013.6693074},
  doi = {10.1109/ASE.2013.6693074},
  acmid = {3107677},
  publisher = {IEEE Press},
  address = {Piscataway, NJ, USA},
  review={compara uma nova ferramenta com o software e outras duas: CBMC e CORRAL},
  really_refers_to_software={yes},
  contribution_weight={0.25},
}

@inproceedings{Gunther:2014:IBS:2632362.2632374,
  author = {G\"{u}nther, Henning and Weissenbacher, Georg},
  title = {Incremental Bounded Software Model Checking},
  booktitle = {Proceedings of the 2014 International SPIN Symposium on Model Checking of Software},
  series = {SPIN 2014},
  year = {2014},
  isbn = {978-1-4503-2452-6},
  location = {San Jose, CA, USA},
  pages = {40--47},
  numpages = {8},
  url = {http://doi.acm.org/10.1145/2632362.2632374},
  doi = {10.1145/2632362.2632374},
  acmid = {2632374},
  publisher = {ACM},
  address = {New York, NY, USA},
  keywords = {C, Incremental, LLVM, SMT},
  review={compara uma nova ferramenta com o software e mais duas: CBMC e LLBMC},
  really_refers_to_software={yes},
  contribution_weight={0.25},
}

@inproceedings{Chaves:2017:VDS:3092703.3098228,
  author = {Chaves, Lennon and Bessa, Iury and Cordeiro, Lucas and Kroening, Daniel and Lima, Eddie},
  title = {Verifying Digital Systems with MATLAB},
  booktitle = {Proceedings of the 26th ACM SIGSOFT International Symposium on Software Testing and Analysis},
  series = {ISSTA 2017},
  year = {2017},
  isbn = {978-1-4503-5076-1},
  location = {Santa Barbara, CA, USA},
  pages = {388--391},
  numpages = {4},
  url = {http://doi.acm.org/10.1145/3092703.3098228},
  doi = {10.1145/3092703.3098228},
  acmid = {3098228},
  publisher = {ACM},
  address = {New York, NY, USA},
  keywords = {Embedded Digital Systems, Formal Verification, MATLAB Toolbox, Software Model Checking},
  review={cita que o software pode ser utilizado como backend do toolbox DSVerifier},
  really_refers_to_software={yes},
  contribution_weight={0.1},
}

@inproceedings{Xiaofei:2016:SLA:2950290.2983972,
  author = {Xiaofei, Xie},
  title = {Static Loop Analysis and Its Applications},
  booktitle = {Proceedings of the 2016 24th ACM SIGSOFT International Symposium on Foundations of Software Engineering},
  series = {FSE 2016},
  year = {2016},
  isbn = {978-1-4503-4218-6},
  location = {Seattle, WA, USA},
  pages = {1130--1132},
  numpages = {3},
  url = {http://doi.acm.org/10.1145/2950290.2983972},
  doi = {10.1145/2950290.2983972},
  acmid = {2983972},
  publisher = {ACM},
  address = {New York, NY, USA},
  keywords = {Loop Summarization, Program Verification, Termination},
  review={cita um artigo com o nome do software no título},
  really_refers_to_software={no},
}

@inproceedings{Kroening:2015:EVL:2755753.2755803,
  author = {Kroening, Daniel and Liang, Lihao and Melham, Tom and Schrammel, Peter and Tautschnig, Michael},
  title = {Effective Verification of Low-level Software with Nested Interrupts},
  booktitle = {Proceedings of the 2015 Design, Automation \&\#38; Test in Europe Conference \&\#38; Exhibition},
  series = {DATE '15},
  year = {2015},
  isbn = {978-3-9815370-4-8},
  location = {Grenoble, France},
  pages = {229--234},
  numpages = {6},
  url = {http://dl.acm.org/citation.cfm?id=2755753.2755803},
  acmid = {2755803},
  publisher = {EDA Consortium},
  address = {San Jose, CA, USA},
  review={não faz referência ao nome do software},
  really_refers_to_software={no},
}

@inproceedings{Banerjee:2013:DAF:2442754.2442766,
  author = {Banerjee, Kajori and Prabhu, M. Santhosh and Dasgupta, Pallab},
  title = {Debugging Assertion Failures in Software Controllers Using a Reference Model},
  booktitle = {Proceedings of the 6th India Software Engineering Conference},
  series = {ISEC '13},
  year = {2013},
  isbn = {978-1-4503-1987-4},
  location = {New Delhi, India},
  pages = {79--82},
  numpages = {4},
  url = {http://doi.acm.org/10.1145/2442754.2442766},
  doi = {10.1145/2442754.2442766},
  acmid = {2442766},
  publisher = {ACM},
  address = {New York, NY, USA},
  keywords = {debugging, model checking, verification},
  review={cita o software como opção de uso numa proposta de implementação, proposta de metodologia},
  really_refers_to_software={yes},
  contribution_weight={0.1},
}

@inproceedings{Cordy:2014:CGA:2635868.2635919,
  author = {Cordy, Maxime and Heymans, Patrick and Legay, Axel and Schobbens, Pierre-Yves and Dawagne, Bruno and Leucker, Martin},
  title = {Counterexample Guided Abstraction Refinement of Product-line Behavioural Models},
  booktitle = {Proceedings of the 22Nd ACM SIGSOFT International Symposium on Foundations of Software Engineering},
  series = {FSE 2014},
  year = {2014},
  isbn = {978-1-4503-3056-5},
  location = {Hong Kong, China},
  pages = {190--201},
  numpages = {12},
  url = {http://doi.acm.org/10.1145/2635868.2635919},
  doi = {10.1145/2635868.2635919},
  acmid = {2635919},
  publisher = {ACM},
  address = {New York, NY, USA},
  keywords = {Abstraction, CEGAR, Model Checking, Software Product Lines},
  review={cita o software como trabalho relacionado},
  really_refers_to_software={yes},
  contribution_weight={0.1},
}

@article{Gupta:2015:SRC:2775051.2677008,
  author = {Gupta, Ashutosh and Henzinger, Thomas A. and Radhakrishna, Arjun and Samanta, Roopsha and Tarrach, Thorsten},
  title = {Succinct Representation of Concurrent Trace Sets},
  journal = {SIGPLAN Not.},
  issue_date = {January 2015},
  volume = {50},
  number = {1},
  month = jan,
  year = {2015},
  issn = {0362-1340},
  pages = {433--444},
  numpages = {12},
  url = {http://doi.acm.org/10.1145/2775051.2677008},
  doi = {10.1145/2775051.2677008},
  acmid = {2677008},
  publisher = {ACM},
  address = {New York, NY, USA},
  keywords = {bug summarization, cegar, concurrent programs, synchronization synthesis, trace generalization},
  review={cita o software como possibilidade de integração com o nova proposta apresentada no paper chamada TARA, é capaz de interpretar representações geradas pelo ESBMC e outros softwares},
  really_refers_to_software={yes},
  contribution_weight={0.1},
}

@inproceedings{Gupta:2015:SRC:2676726.2677008,
  author = {Gupta, Ashutosh and Henzinger, Thomas A. and Radhakrishna, Arjun and Samanta, Roopsha and Tarrach, Thorsten},
  title = {Succinct Representation of Concurrent Trace Sets},
  booktitle = {Proceedings of the 42Nd Annual ACM SIGPLAN-SIGACT Symposium on Principles of Programming Languages},
  series = {POPL '15},
  year = {2015},
  isbn = {978-1-4503-3300-9},
  location = {Mumbai, India},
  pages = {433--444},
  numpages = {12},
  url = {http://doi.acm.org/10.1145/2676726.2677008},
  doi = {10.1145/2676726.2677008},
  acmid = {2677008},
  publisher = {ACM},
  address = {New York, NY, USA},
  keywords = {bug summarization, cegar, concurrent programs, synchronization synthesis, trace generalization},
  review={item duplicado},
  really_refers_to_software={no},
}

@inproceedings{Thomson:2014:CTU:2555243.2555260,
  author = {Thomson, Paul and Donaldson, Alastair F. and Betts, Adam},
  title = {Concurrency Testing Using Schedule Bounding: An Empirical Study},
  booktitle = {Proceedings of the 19th ACM SIGPLAN Symposium on Principles and Practice of Parallel Programming},
  series = {PPoPP '14},
  year = {2014},
  isbn = {978-1-4503-2656-8},
  location = {Orlando, Florida, USA},
  pages = {15--28},
  numpages = {14},
  url = {http://doi.acm.org/10.1145/2555243.2555260},
  doi = {10.1145/2555243.2555260},
  acmid = {2555260},
  publisher = {ACM},
  address = {New York, NY, USA},
  keywords = {concurrency, context bounding, stateless model checking, systematic concurrency testing},
  review={apresenta uma coleção de suítes de 'pthread benchmarks', e cita o ESBMC como objeto de etudo (avaliação)},
  really_refers_to_software={yes},
  contribution_weight={0.25},
}

@article{Thomson:2014:CTU:2692916.2555260,
  author = {Thomson, Paul and Donaldson, Alastair F. and Betts, Adam},
  title = {Concurrency Testing Using Schedule Bounding: An Empirical Study},
  journal = {SIGPLAN Not.},
  issue_date = {August 2014},
  volume = {49},
  number = {8},
  month = feb,
  year = {2014},
  issn = {0362-1340},
  pages = {15--28},
  numpages = {14},
  url = {http://doi.acm.org/10.1145/2692916.2555260},
  doi = {10.1145/2692916.2555260},
  acmid = {2555260},
  publisher = {ACM},
  address = {New York, NY, USA},
  keywords = {concurrency, context bounding, stateless model checking, systematic concurrency testing},
  review={item duplicado},
  really_refers_to_software={no},
}

@article{Thomson:2016:CTU:2888415.2858651,
  author = {Thomson, Paul and Donaldson, Alastair F. and Betts, Adam},
  title = {Concurrency Testing Using Controlled Schedulers: An Empirical Study},
  journal = {ACM Trans. Parallel Comput.},
  issue_date = {March 2016},
  volume = {2},
  number = {4},
  month = feb,
  year = {2016},
  issn = {2329-4949},
  pages = {23:1--23:37},
  articleno = {23},
  numpages = {37},
  url = {http://doi.acm.org/10.1145/2858651},
  doi = {10.1145/2858651},
  acmid = {2858651},
  publisher = {ACM},
  address = {New York, NY, USA},
  keywords = {Concurrency, context bounding, stateless model checking, systematic concurrency testing},
  review={item duplicado},
  really_refers_to_software={no},
}

@inproceedings{Xie:2016:PCD:2950290.2950340,
  author = {Xie, Xiaofei and Chen, Bihuan and Liu, Yang and Le, Wei and Li, Xiaohong},
  title = {Proteus: Computing Disjunctive Loop Summary via Path Dependency Analysis},
  booktitle = {Proceedings of the 2016 24th ACM SIGSOFT International Symposium on Foundations of Software Engineering},
  series = {FSE 2016},
  year = {2016},
  isbn = {978-1-4503-4218-6},
  location = {Seattle, WA, USA},
  pages = {61--72},
  numpages = {12},
  url = {http://doi.acm.org/10.1145/2950290.2950340},
  doi = {10.1145/2950290.2950340},
  acmid = {2950340},
  publisher = {ACM},
  address = {New York, NY, USA},
  keywords = {Disjunctive Summary, Loop Summarization},
  review={cita ECBMC mas faz referencia a um artigo com o nome do software},
  really_refers_to_software={yes},
  contribution_weight={0.1},
}

@inproceedings{Beyer:2016:CWE:2950290.2950351,
  author = {Beyer, Dirk and Dangl, Matthias and Dietsch, Daniel and Heizmann, Matthias},
  title = {Correctness Witnesses: Exchanging Verification Results Between Verifiers},
  booktitle = {Proceedings of the 2016 24th ACM SIGSOFT International Symposium on Foundations of Software Engineering},
  series = {FSE 2016},
  year = {2016},
  isbn = {978-1-4503-4218-6},
  location = {Seattle, WA, USA},
  pages = {326--337},
  numpages = {12},
  url = {http://doi.acm.org/10.1145/2950290.2950351},
  doi = {10.1145/2950290.2950351},
  acmid = {2950351},
  publisher = {ACM},
  address = {New York, NY, USA},
  keywords = {Correctness Witness, Model Checking, Program Analysis, Software Verification, Witness Validation},
  review={cita o software como trabalho relacionado},
  really_refers_to_software={yes},
  contribution_weight={0.1},
}
