@INPROCEEDINGS{6606702,
  author={H. V. Nguyen and H. A. Nguyen and T. T. Nguyen and T. N. Nguyen},
  booktitle={2013 35th International Conference on Software Engineering (ICSE)},
  title={DRC: A detection tool for dangling references in PHP-based web applications},
  year={2013},
  pages={1299-1302},
  keywords={Internet;authoring languages;program verification;source coding;DRC;PHP-based Web applications;dangling reference checker;dangling reference detection tool;dangling reference error detection;dynamic Web applications;path constraints;program entity declarations;program entity references;program execution;programming errors;real-world PHP systems;run-time errors;server-side language;source code;video demonstration;Accuracy;Approximation methods;Databases;Dictionaries;HTML;Programming;Servers},
  doi={10.1109/ICSE.2013.6606702},
  ISSN={0270-5257},
  month={May},
}

@INPROCEEDINGS{5090747,
  author={S. Ghose and L. Gilgeous and P. Dudnik and A. Aggarwal and C. Waxman},
  booktitle={2009 Design, Automation Test in Europe Conference Exhibition},
  title={Architectural support for low overhead detection of memory violations},
  year={2009},
  pages={652-657},
  keywords={C++ language;program debugging;software architecture;C++;architectural support;catastrophic mission failures;low overhead detection;memory references;memory violations;software mechanisms;stack-based handling;violation detection;Application software;Computer bugs;Hardware;High performance computing;Instruction sets;Microarchitecture;Pollution;Safety;Software performance;Usability},
  doi={10.1109/DATE.2009.5090747},
  ISSN={1530-1591},
  month={April},
}

@INPROCEEDINGS{6693098,
  author={H. V. Nguyen and H. A. Nguyen and T. T. Nguyen and A. T. Nguyen and T. N. Nguyen},
  booktitle={2013 28th IEEE/ACM International Conference on Automated Software Engineering (ASE)},
  title={Dangling references in multi-configuration and dynamic PHP-based Web applications},
  year={2013},
  pages={399-409},
  keywords={Internet;SQL;program diagnostics;HTML code;JavaScript code;PHP program;Web development;client-side pages;dangling cross-language;dangling references;data-accessing SQL code;dynamic PHP-based Web applications;dynamic language;embedded references;multiconfiguration nature;multiple configurations;multiple versions;run-time fatal failures;scattered PHP code;static analysis method;writing server-side code;Databases;Detection algorithms;HTML;Reactive power;Security;Servers;Thumb;Dangling References;Web Code Analysis},
  doi={10.1109/ASE.2013.6693098},
  month={Nov},
}

@INBOOK{6299473,
  author={Jonathan Allen and Frank Thomson Leighton},
  booktitle={Advanced Research in VLSI:Proceedings of the Fifth MIT Conference},
  title={The Design and Testing of MIPS-X},
  year={1988},
  pages={95-114},
  publisher={MIT Press},
  isbn={9780262255608},
  url={http://ieeexplore.ieee.org/xpl/articleDetails.jsp?arnumber=6299473},
}
