@INBOOK{5487772,
  author={Lajos Hanzo and Clare Somerville and Jason Woodard},
  booktitle={Voice and Audio Compression for Wireless Communications},
  title={The Voice over Internet Protocol},
  year={2007},
  pages={765-781},
  doi={10.1002/9780470516034.ch19},
  publisher={Wiley-IEEE Press},
  isbn={9780470516034},
  url={http://ieeexplore.ieee.org/xpl/articleDetails.jsp?arnumber=5487772},
  review={o nome do software ocorre num contexto não relacionado ao software},
  really_refers_to_software={no},
}

@INPROCEEDINGS{7886679,
  author={E. Tomasco and T. L. Nguyen and O. Inverso and B. Fischer and S. L. Torre and G. Parlato},
  booktitle={2016 Formal Methods in Computer-Aided Design (FMCAD)},
  title={Lazy sequentialization for TSO and PSO via shared memory abstractions},
  year={2016},
  pages={193-200},
  keywords={data structures;formal verification;shared memory systems;PSO memory models;SC;SMA;SV-COMP concurrency benchmarks;TSO memory models;WMM;abstract data type;bounded model checking;concurrent program bounded verification;data structure;lazy sequentialization;partial store order;sequential consistency;shared memory abstractions;shared memory accesses;store buffer simulation;temporal circular doubly-linked lists;total store order;weak memory models;Buffer storage;Clocks;Concurrent computing;Instruction sets;Memory management;Semantics;Testing},
  doi={10.1109/FMCAD.2016.7886679},
  month={Oct},
  review={implementa um protótipo chamado LazySMA usando como base o código do software, não disponibiliza o código do protótipo, os autores do software selecionado na revisão estruturada estão todos incluídos aqui},
  really_refers_to_software={yes},
  contribution_weight={0.25},
}

@INPROCEEDINGS{6693139,
  author={B. Fischer and O. Inverso and G. Parlato},
  booktitle={2013 28th IEEE/ACM International Conference on Automated Software Engineering (ASE)},
  title={CSeq: A concurrency pre-processor for sequential C verification tools},
  year={2013},
  pages={710-713},
  keywords={C language;concurrency control;parallel programming;program interpreters;program verification;C program sequentialization;CBMC;CSeq tool;ESBMC;LLBMC;Lal-Reps sequentialization;automated sequential program verification tools;backend tools;concurrency preprocessing technique;concurrency preprocessor;concurrent program translation;dynamic thread creation;equivalent nondeterministic sequential programs;pthreads;sequential C verification tools;Benchmark testing;Concurrent computing;Context;Instruction sets;Programming},
  doi={10.1109/ASE.2013.6693139},
  month={Nov},
  review={é o mesmo artigo que publicou o software},
  really_refers_to_software={yes},
  contribution_weight={1},
  step={study1},
}

@INPROCEEDINGS{7372071,
  author={O. Inverso and T. L. Nguyen and B. Fischer and S. L. Torre and G. Parlato},
  booktitle={2015 30th IEEE/ACM International Conference on Automated Software Engineering (ASE)},
  title={Lazy-CSeq: A Context-Bounded Model Checking Tool for Multi-threaded C-Programs},
  year={2015},
  pages={807-812},
  keywords={C language;application program interfaces;formal verification;multi-threading;Lazy-CSeq;POSIX thread API;SV-COMP verification competitions;assertion checking;bounded nondeterministic sequential C program;bounded reachability;concurrency verification tools;context-bounded model checking tool;context-bounded verification tool;deadlock detection;model checkers;multithreaded C-programs;round-robin schedules;sequential verification backends;Arrays;Concurrent computing;Context;Programming;Schedules;System recovery;C programs;bounded model-checking;concurrency;context-bounded;multi-thread;multi-threaded},
  doi={10.1109/ASE.2015.108},
  month={Nov},
  review={implementa uma extensão do software, indica o endereço onde está disponível http://users.ecs.soton.ac.uk/gp4/cseq/files/lazy-cseq-1.0.tar.gz},
  really_refers_to_software={yes},
  contribution_weight={0.5},
}
