@INPROCEEDINGS{6078313,
  author={D. Rodríguez-Cerezo and A. Sarasa-Cabezuelo and J. L. Sierra},
  booktitle={2011 Federated Conference on Computer Science and Information Systems (FedCSIS)},
  title={Implementing attribute grammars using conventional compiler construction tools},
  year={2011},
  pages={855-862},
  keywords={attribute grammars;formal specification;program compilers;attribute grammar-based specification;bottom-up language translator;bottom-up oriented translation scheme;bottom-up parser generation tool;conventional compiler construction tool;data-driven strategy;demand-driven strategy;primitive attribution operation;structure-preserving coding pattern;syntax-directed translation scheme;translation scheme-driven tool;Computer languages;Encoding;Equations;Generators;Grammar;Program processors;Semantics},
  month={Sept},
  review={cita um outro artigo sobre o software},
  really_refers_to_software={yes},
  contribution_weight={0},
}

@INPROCEEDINGS{5440239,
  author={S. Sateanpattanakul and A. Walairacht},
  booktitle={2010 The 12th International Conference on Advanced Communication Technology (ICACT)},
  title={JGroovy - an extensible Java Programming Language with Groovy},
  year={2010},
  volume={2},
  pages={1139-1144},
  keywords={Java;object-oriented programming;software engineering;Groovy programming;JGroovy;domain-specific languages;dynamic programming languages;extensible Java programming language;object-oriented programming languages;software development;static language;Computer languages;Java;Automata;Compiler;Domain-Specific Language;Language Oriented Programming;Object-Oriented Programming},
  ISSN={1738-9445},
  month={Feb},
  review={cita o software com referencia de especificação de sintaxe, implementada na proposta de ferramenta JGroovy, avalia os resultados da implementação própria contra o software JastAdd},
  really_refers_to_software={yes},
  contribution_weight={0.25},
}

@INPROCEEDINGS{4341829,
  author={J. Malec and A. Nilsson and K. Nilsson and S. Nowaczyk},
  booktitle={2007 IEEE International Conference on Automation Science and Engineering},
  title={Knowledge-Based Reconfiguration of Automation Systems},
  year={2007},
  pages={170-175},
  keywords={Internet;automation;inference mechanisms;knowledge based systems;ontologies (artificial intelligence);rewriting systems;Web ontology language;automation system;configuration file;description logic;generic reasoning;knowledge-based reconfiguration;manufacturing;ontology-based rewriting;special-purpose reasoning module;Artificial intelligence;Assembly systems;Inspection;Knowledge engineering;Knowledge representation;Manufacturing automation;Ontologies;Service robots;USA Councils;Web sites},
  doi={10.1109/COASE.2007.4341829},
  ISSN={2161-8070},
  month={Sept},
  review={usa o software para implementar uma ferramenta},
  really_refers_to_software={yes},
  contribution_weight={0.25},
}

@INPROCEEDINGS{6644219,
  author={D. Lakatoš and J. Porubän and M. Bačíková},
  booktitle={2013 Federated Conference on Computer Science and Information Systems},
  title={Declarative specification of references in DSLs},
  year={2013},
  pages={1527-1534},
  keywords={specification languages;DSL;computer languages;declarative references specification;domain specific languages;language designer;language patterns;reference resolving;Abstracts;DSL;Generators;Grammar;Object oriented modeling;Syntactics;Unified modeling language},
  month={Sept},
  review={artigo não encontrado para download},
  really_refers_to_software={?},
}

@INPROCEEDINGS{7070485,
  author={B. Basten and M. Hills and P. Klint and D. Landman and A. Shahi and M. J. Steindorfer and J. J. Vinju},
  booktitle={2015 IEEE 1st International Workshop on Software Analytics (SWAN)},
  title={M3: A general model for code analytics in rascal},
  year={2015},
  pages={25-28},
  keywords={software libraries;source code (software);specification languages;M3 framework;Rascal meta programming language;code analytics;general model;source code;standard library;Abstracts;Analytical models;Computational modeling;Java;Measurement;Object oriented modeling},
  doi={10.1109/SWAN.2015.7070485},
  month={March},
  review={cita o software como trabalho relacionado},
  really_refers_to_software={yes},
  contribution_weight={0},
}

@INPROCEEDINGS{5601827,
  author={M. Pise},
  booktitle={2010 10th IEEE Working Conference on Source Code Analysis and Manipulation},
  title={The Fika Parser Generator},
  year={2010},
  pages={99-100},
  keywords={context-free grammars;inheritance;program compilers;Fika parser generator;context-free;developer productivity;executable parser;grammar development;grammar reuse;inheritance-like module reuse;parser development;Computer languages;Generators;Grammar;Marine vehicles;Productivity;Rivers},
  doi={10.1109/SCAM.2010.27},
  month={Sept},
  review={cita o software como trabalho relacionado},
  really_refers_to_software={yes},
  contribution_weight={0},
}

@INPROCEEDINGS{5076648,
  author={P. Fritzson and A. Pop and D. Broman and P. Aronsson},
  booktitle={2009 Australian Software Engineering Conference},
  title={Formal Semantics Based Translator Generation and Tool Development in Practice},
  year={2009},
  pages={256-266},
  keywords={Java;formal specification;program compilers;program interpreters;specification languages;Eclipse plug-in;Java;formal specification;generator tool;high level descriptions;natural semantics;object-oriented programming;operational semantics;program compiler;relational meta language;translator generation;Computer languages;Equations;Formal specifications;Industrial relations;Information science;Java;Object oriented modeling;Production;Program processors;Software engineering;Compiler;Generation;Semantics;Specification;Translator},
  doi={10.1109/ASWEC.2009.46},
  ISSN={1530-0803},
  month={April},
  review={cita o software como trabalho relacionado},
  really_refers_to_software={yes},
  contribution_weight={0},
}

@ARTICLE{6175911,
  author={G. Soares and R. Gheyi and T. Massoni},
  journal={IEEE Transactions on Software Engineering},
  title={Automated Behavioral Testing of Refactoring Engines},
  year={2013},
  volume={39},
  number={2},
  pages={147-162},
  keywords={Java;automatic programming;program testing;JastAdd refactoring tools;Java program generator;Java refactoring engines;SafeRefactor;automated behavioral testing;compilation errors;refactoring engine developers;refactoring transformation;Automatic programming;Computer bugs;Engines;Java;Metals;Testing;Unified modeling language;Refactoring;automated testing;program generation},
  doi={10.1109/TSE.2012.19},
  ISSN={0098-5589},
  month={Feb},
  review={usa o software para avaliar uma técnica proposta no estudo},
  really_refers_to_software={yes},
  contribution_weight={0.25},
}

@INPROCEEDINGS{1559822,
  author={P. Andersson and K. Kuchcinski},
  booktitle={8th Euromicro Conference on Digital System Design (DSD'05)},
  title={Java to hardware compilation for non data flow applications},
  year={2005},
  pages={330-337},
  keywords={Java;data flow graphs;embedded systems;hardware-software codesign;program compilers;Java language;code generators;embedded system development;graph traversal;hardware compilation;nondata flow application;optimisation;random memory access;recursive algorithm;reference intensive tasks;software development;Application software;Data structures;Embedded system;Field programmable gate arrays;Flow graphs;Hardware;Java;Productivity;Programming;Signal processing algorithms},
  doi={10.1109/DSD.2005.53},
  month={Aug},
  review={usa o software},
  really_refers_to_software={yes},
  contribution_weight={0.25},
}

@ARTICLE{5440161,
  author={G. Hedin and J. Akesson and T. Ekman},
  journal={IEEE Software},
  title={Extending Languages by Leveraging Compilers: From Modelica to Optimica},
  year={2011},
  volume={28},
  number={3},
  pages={68-74},
  keywords={abstract data types;compiler generators;computational linguistics;grammars;object-oriented programming;software reusability;abstract syntax trees;attribute grammars;code generation;compilers;modelica;object-oriented programming;optimica;parser generators;software reuse;Automatic control;Computer languages;Computer science;Costs;Java;Object oriented modeling;Object oriented programming;Program processors;Synthesizers;design techniques;design tools;formal definitions;formal theory;processors;reusable software},
  doi={10.1109/MS.2010.62},
  ISSN={0740-7459},
  month={May},
  review={usa o software num estudo de caso, cita http://jastadd.org},
  really_refers_to_software={yes},
  contribution_weight={0.25},
}

@INPROCEEDINGS{6344538,
  author={N. Fors and G. Hedin},
  booktitle={2012 IEEE Symposium on Visual Languages and Human-Centric Computing (VL/HCC)},
  title={Handling of layout-sensitive semantics in a visual control language},
  year={2012},
  pages={249-250},
  keywords={grammars;interactive systems;program compilers;visual languages;JastAdd;batch compiler;core compiler model;high-level abstract syntax;interactive editor;layout-sensitive semantics handling;metacompilation tool;modular architecture;prototype editor;reference attribute grammars;visual control language;Abstracts;Computational modeling;Grammar;Regulators;Semantics;Syntactics;Visualization;Control block diagrams;IEC 61131-3;JastAdd;Layout-sensitive semantics;Reference attribute grammars},
  doi={10.1109/VLHCC.2012.6344538},
  ISSN={1943-6092},
  month={Sept},
  review={usa o software para implementar um protótipo},
  really_refers_to_software={yes},
  contribution_weight={0.25},
}

@INPROCEEDINGS{4362899,
  author={E. Magnusson and T. Ekman and G. Hedin},
  booktitle={Seventh IEEE International Working Conference on Source Code Analysis and Manipulation (SCAM 2007)},
  title={Extending Attribute Grammars with Collection Attributes--Evaluation and Applications},
  year={2007},
  pages={69-80},
  keywords={attribute grammars;systems analysis;JastAdd;attribute grammars;collection attributes;declarative meta programming system;devitalization analysis;flow analysis;metrics;Algorithm design and analysis;Application software;Computer languages;Computer science;Java;Laboratories;Mechanical factors;Program processors;Silver},
  doi={10.1109/SCAM.2007.13},
  month={Sept},
  review={é o mesmo artigo que publicou o software},
  really_refers_to_software={no},
}

@ARTICLE{5035596,
  author={D. Rebernak and M. Mernik and H. Wu and J. Gray},
  journal={IET Software},
  title={Domain-specific aspect languages for modularising crosscutting concerns in grammars},
  year={2009},
  volume={3},
  number={3},
  pages={184-200},
  keywords={grammars;object-oriented languages;object-oriented programming;specification languages;aspect-oriented programming;domain-specific aspect languages;general-purpose programming languages;grammars;language specification;software artefacts;software representations;source code},
  doi={10.1049/iet-sen.2007.0114},
  ISSN={1751-8806},
  month={June},
  review={cita o software, entre outros, num estudo sobre design e implementação de 'domain-specific aspect languages'},
  really_refers_to_software={yes},
  contribution_weight={0},
}

@INPROCEEDINGS{6883016,
  author={N. Fors and G. Hedin},
  booktitle={2014 IEEE Symposium on Visual Languages and Human-Centric Computing (VL/HCC)},
  title={Intercepting dataflow connections in diagrams with inheritance},
  year={2014},
  pages={21-24},
  keywords={control engineering computing;control systems;program compilers;programming languages;visual programming;connection interception concept;control systems;dataflow connections;inheritance concept;visual dataflow-based languages;Feedforward neural networks;Libraries;Ports (Computers);Runtime;Semantics;Syntactics;Visualization;dataflow;inheritance;intercept;variability;visual},
  doi={10.1109/VLHCC.2014.6883016},
  ISSN={1943-6092},
  month={July},
  review={usa o software para implementar a semantica de uma linguagem},
  really_refers_to_software={yes},
  contribution_weight={0.25},
}

@INPROCEEDINGS{1695918,
  author={F. Gruian and P. Roop and Z. Salcic and I. Radojevic},
  booktitle={Fourth ACM and IEEE International Conference on Formal Methods and Models for Co-Design, 2006. MEMOCODE '06. Proceedings.},
  title={The SystemJ approach to system-level design},
  year={2006},
  pages={149-158},
  keywords={Java;hardware description languages;hardware-software codesign;Esterel;SystemJ approach;globally asynchronous locally synchronous systems;specialised reactive embedded processors;standard Java environment;system-level design language;Automatic control;Circuits;Computational modeling;Computer science;Design automation;Embedded computing;Embedded system;Formal verification;Java;System-level design},
  doi={10.1109/MEMCOD.2006.1695918},
  month={July},
  review={usa o software para implementar parte do SystemJ},
  really_refers_to_software={yes},
  contribution_weight={0.25},
}

@INPROCEEDINGS{7582769,
  author={T. Szabó and S. Erdweg and M. Voelter},
  booktitle={2016 31st IEEE/ACM International Conference on Automated Software Engineering (ASE)},
  title={IncA: A DSL for the definition of incremental program analyses},
  year={2016},
  pages={320-331},
  keywords={Java;program diagnostics;software engineering;specification languages;DSL;IncA analysis;Java;domain-specific language;incremental program analysis;software development;static program analysis;DSL;Java;Optimization;Pattern matching;Program processors;Runtime;Domain-specific Language;Incremental Computation;Language Workbench;Static Analysis},
  month={Sept},
  review={cita o software como trabalho relacionado},
  really_refers_to_software={yes},
  contribution_weight={0},
}

@INPROCEEDINGS{6663487,
  author={P. O. Larsson and F. Casella and F. Magnusson and J. Andersson and M. Diehl and J. Åkesson},
  booktitle={2013 IEEE Conference on Computer Aided Control System Design (CACSD)},
  title={A framework for nonlinear model-predictive control using object-oriented modeling with a case study in power plant start-up},
  year={2013},
  pages={346-351},
  keywords={closed loop systems;combined cycle power stations;control engineering computing;nonlinear control systems;object-oriented programming;optimisation;predictive control;public domain software;specification languages;JModelica.org;NMPC model;NMPC optimization problems;case study;closed-loop control;combined-cycle power plant;high-level description;high-level language;high-level notation;intuitive physical modeling format;nonlinear model-predictive control;numerical optimization algorithms;object-oriented first-principle model library;object-oriented modeling;open-source framework;optimization model;parametric errors;power plant start-up;simulation model;Load modeling;Mathematical model;Numerical models;Object oriented modeling;Optimization;Stress;Turbines},
  doi={10.1109/CACSD.2013.6663487},
  ISSN={2165-3011},
  month={Aug},
  review={usa o software},
  really_refers_to_software={yes},
  contribution_weight={0.25},
}

@ARTICLE{4543988,
  author={W. Lohmann and G. Riedewald and G. Wachsmuth},
  journal={IET Software},
  title={Aspect-oriented prolog in a language processing context},
  year={2008},
  volume={2},
  number={3},
  pages={241-259},
  keywords={PROLOG;grammars;object-oriented programming;program compilers;PROLOG programming techniques;aspect-oriented PROLOG;domain-specific language;language processing context;logic grammar;program compiler},
  doi={10.1049/iet-sen:20070064},
  ISSN={1751-8806},
  month={June},
  review={cita o software como trabalho relacionado},
  really_refers_to_software={yes},
  contribution_weight={0},
}

@ARTICLE{1425316,
  author={M. van den Brand and P. E. Moreau and J. Vinju},
  journal={IEE Proceedings - Software},
  title={Generator of efficient strongly typed abstract syntax trees in Java},
  year={2005},
  volume={152},
  number={2},
  pages={70-78},
  keywords={Java;abstract data types;application program interfaces;program compilers;tree data structures;ApiGen;Java back-end;generic interface;maximal sub-term sharing;programming interfaces;strong typing;strongly typed abstract syntax tree generator;strongly typed data-structure},
  doi={10.1049/ip-sen:20041181},
  ISSN={1462-5970},
  month={April},
  review={cita o software como trabalho relacionado},
  really_refers_to_software={yes},
  contribution_weight={0},
}

@INPROCEEDINGS{6957256,
  author={K. Williams and M. Le and T. Kaminski and E. V. Wyk},
  booktitle={2014 43rd International Conference on Parallel Processing},
  title={A Compiler Extension for Parallel Matrix Programming},
  year={2014},
  pages={471-480},
  keywords={C language;data mining;formal specification;matrix algebra;optimisation;parallel programming;program compilers;C language;compiler extension;high-level domain-specific optimization;language feature;loop-tiling technique;matrix operation;parallel C code;parallel matrix programming;prototype extensible C translator;semantic analysis;spatio-temporal data mining;syntax analysis;vector processor;Generators;Indexing;Instruction sets;Oceans;Semantics;Syntactics;extensible languages;matrix programming;parallel programming},
  doi={10.1109/ICPP.2014.56},
  ISSN={0190-3918},
  month={Sept},
  review={cita o software como trabalho relacionado},
  really_refers_to_software={yes},
  contribution_weight={0},
}

@INPROCEEDINGS{4291096,
  author={D. Rebernak and M. Mernik},
  booktitle={31st Annual International Computer Software and Applications Conference (COMPSAC 2007)},
  title={A tool for compiler construction based on aspect-oriented specifications},
  year={2007},
  volume={2},
  pages={11-16},
  keywords={object-oriented programming;program compilers;specification languages;AspectLISA tool;aspect-oriented programming;aspect-oriented specification language;compiler construction;crosscutting concern;domain-specific aspect language;programming language definition;software artifact;software life cycle;Application software;Computer languages;Computer science;Encapsulation;Functional programming;Modular construction;Production;Program processors;Programming profession;Specification languages},
  doi={10.1109/COMPSAC.2007.46},
  ISSN={0730-3157},
  month={July},
  review={cita o software como trabalho relacionado},
  really_refers_to_software={yes},
  contribution_weight={0},
}

@INPROCEEDINGS{7872758,
  author={R. Muhammad and M. R. A. Setyautami},
  booktitle={2016 International Conference on Advanced Computer Science and Information Systems (ICACSIS)},
  title={Automatic model translation to UML from software product lines model using UML profile},
  year={2016},
  pages={605-610},
  keywords={Unified Modeling Language;XML;formal specification;meta data;object-oriented languages;program interpreters;software product lines;ABS;DOP;SPL;UML;Unified Modeling language;XMI;XML metadata interchange;abstract behavioral specification;automatic model translation;automatic traslation program;delta oriented programming;executable modeling language;software product lines;Data mining;Feature extraction;Object oriented modeling;Software;Syntactics;Unified modeling language;XML},
  doi={10.1109/ICACSIS.2016.7872758},
  month={Oct},
  review={usa o software},
  really_refers_to_software={yes},
  contribution_weight={0.25},
}

@INPROCEEDINGS{1541153,
  author={E. Visser},
  booktitle={Fifth IEEE International Workshop on Source Code Analysis and Manipulation (SCAM'05)},
  title={Transformations for abstractions},
  year={2005},
  pages={3-12},
  keywords={program compilers;programming environments;Stratego;program transformations;programming environments;transformation language;Application software;Control systems;Documentation;Domain specific languages;Java;Knowledge based systems;Optimizing compilers;Program processors;Programming environments;Programming profession},
  doi={10.1109/SCAM.2005.26},
  month={Sept},
  review={cita o software como trabalho relacionado},
  really_refers_to_software={yes},
  contribution_weight={0},
}

@INPROCEEDINGS{4124048,
  author={F. Gortazar and M. Gallego and A. Duarte},
  booktitle={2006 International Multi-Conference on Computing in the Global Information Technology - (ICCGI'06)},
  title={MetaCET: An Object Oriented Tool for Language Design},
  year={2006},
  pages={29-29},
  keywords={Java;diagrams;meta data;object-oriented programming;software tools;Java classes;MetaCET;diagram;high level language design;metadata;object oriented tool;programming language design;software design;standard Java annotations;target language textual representation;Computer languages;Computer science;High level languages;ISO standards;Java;Object oriented modeling;Software design;Target recognition;Unified modeling language;Variable speed drives},
  doi={10.1109/ICCGI.2006.49},
  month={Aug},
  review={cita o software como trabalho relacionado},
  really_refers_to_software={yes},
  contribution_weight={0},
}
