@INPROCEEDINGS{856036,
  author={A. C. Davies},
  booktitle={2000 IEEE International Symposium on Circuits and Systems. Emerging Technologies for the 21st Century. Proceedings (IEEE Cat No.00CH36353)},
  title={Dynamic properties of a multiway arbiter},
  year={2000},
  volume={3},
  pages={221-224 vol.3},
  keywords={flip-flops;logic circuits;logic gates;bistable flip-flop;dynamic properties;interconnected structure;inverting gates;multiflops;multiway arbiter;nonlinear dynamic model;Analytical models;Computational modeling;Delay;Distributed computing;Educational institutions;Flip-flops;Metastasis;SPICE;Semiconductor device modeling;Signal processing},
  doi={10.1109/ISCAS.2000.856036},
  month={},
}

@ARTICLE{1071441,
  author={W. Albrecht and C. Baack and G. Elze and B. Enning and G. Heydt and L. Ihlenburg and G. Walf and G. Wenke},
  journal={IEEE Journal of Quantum Electronics},
  title={Optical digital high-speed transmission: General considerations and experimental results},
  year={1982},
  volume={18},
  number={10},
  pages={1547-1559},
  keywords={Bibliographies;Optical fiber communication;Bit rate;Clocks;Electronic circuits;High speed optical techniques;Integrated circuit noise;Integrated circuit reliability;Laboratories;Optical fibers;Optical noise;Optical signal processing},
  doi={10.1109/JQE.1982.1071441},
  ISSN={0018-9197},
  month={Oct},
}

@INPROCEEDINGS{7585507,
  author={S. Salem and A. Hakimi},
  booktitle={2016 24th Iranian Conference on Electrical Engineering (ICEE)},
  title={A modified folded multi-LSB decided resistor string digital to analog converter},
  year={2016},
  pages={148-151},
  keywords={digital-analogue conversion;resistors;modified folded multiLSB decided resistor string digital to analog converter;resistor mismatch analysis;Decoding;Digital-analog conversion;Electrical engineering;Interpolation;Mathematical model;Resistors;Topology;digital to analog converter;folded multi-LSB decided;resistor string},
  doi={10.1109/IranianCEE.2016.7585507},
  month={May},
}

@ARTICLE{4137868,
  author={S. D. Somasundaram and A. Jakobsson and J. A. S. Smith and K. Althoefer},
  journal={IEEE Transactions on Geoscience and Remote Sensing},
  title={Exploiting Spin Echo Decay in the Detection of Nuclear Quadrupole Resonance Signals},
  year={2007},
  volume={45},
  number={4},
  pages={925-933},
  keywords={explosives;landmine detection;nuclear chemical analysis;nuclear quadrupole resonance;remote sensing;spin echo (NMR);14N nucleus;nuclear quadrupole resonance;signal-to-noise ratio;spin echo decay;Data models;Detectors;Energy states;Explosives;Magnetic resonance imaging;Nuclear magnetic resonance;Pulse measurements;Radio frequency;Signal to noise ratio;Time measurement;Explosives detection;multidimensional signal processing;q uadrupole resonance;signal detection},
  doi={10.1109/TGRS.2006.890413},
  ISSN={0196-2892},
  month={April},
}

@ARTICLE{4113784,
  author={K. Suzuki and T. Iwamoto and T. Komukai and T. Hirokawa},
  journal={IEEE Transactions on Power Apparatus and Systems},
  title={Interactive Computation System of Distance Relay Setting for a Large Scale EHV Power System},
  year={1980},
  volume={PAS-99},
  number={1},
  pages={165-173},
  keywords={Cathode ray tubes;Circuit faults;Dispatching;Hardware;Large-scale systems;Load flow;Power system protection;Power system relaying;Power transmission lines;Protective relaying},
  doi={10.1109/TPAS.1980.319624},
  ISSN={0018-9510},
  month={Jan},
}

@INPROCEEDINGS{1510114,
  author={D. Binkley and M. Harman},
  booktitle={21st IEEE International Conference on Software Maintenance (ICSM'05)},
  title={Locating dependence clusters and dependence pollution},
  year={2005},
  pages={177-186},
  keywords={program slicing;program visualisation;software maintenance;MSG slice-based visualisation;dependence cluster locating;dependence pollution locating;software maintenance;Costs;Educational institutions;Lab-on-a-chip;Pareto analysis;Pollution;Pressing;Software maintenance;Telephony;Visualization},
  doi={10.1109/ICSM.2005.58},
  ISSN={1063-6773},
  month={Sept},
}

@INPROCEEDINGS{4659249,
  author={K. Gallagher and D. Binkley},
  booktitle={2008 Frontiers of Software Maintenance},
  title={Program slicing},
  year={2008},
  pages={58-67},
  keywords={program debugging;program slicing;program verification;software maintenance;finite state model;program debugging;program decomposition;program slicing;property verification;software maintenance;Debugging;Distance measurement;Educational institutions;Roads;Software maintenance;Software systems;Testing},
  doi={10.1109/FOSM.2008.4659249},
  month={Sept},
}

@ARTICLE{364466,
  author={S. Wong and L. Zaremba and D. Gooden and H. K. Huang},
  journal={Proceedings of the IEEE},
  title={Radiologic image compression-a review},
  year={1995},
  volume={83},
  number={2},
  pages={194-219},
  keywords={PACS;biomedical NMR;biomedical ultrasonics;computerised tomography;data compression;diagnostic radiography;image coding;legislation;medical image processing;radioisotope imaging;reviews;PACS;clinical diagnoses;computed radiography;computed tomography;digital subtraction angiography;image quality;legal questions;lossless coding;lossless radiologic image compression;lossy radiologic image compression;low bit rate;magnetic resonance imaging;nuclear medicine;picture archiving and communication systems;regulatory policies;research;storage space;teleradiology;transmission bandwidth;ultrasonography;Biomedical imaging;Bit rate;Image coding;Image quality;Image storage;Law;Legal factors;Magnetic resonance imaging;Picture archiving and communication systems;Space technology},
  doi={10.1109/5.364466},
  ISSN={0018-9219},
  month={Feb},
}

@INPROCEEDINGS{4296871,
  author={Guo-Liang Lee and C. S. Shih},
  booktitle={13th IEEE International Conference on Embedded and Real-Time Computing Systems and Applications (RTCSA 2007)},
  title={Clock Free Data Streams Alignment for Sensor Networks},
  year={2007},
  pages={355-362},
  keywords={sampling methods;synchronisation;wireless sensor networks;clock drift;clock free data stream alignment;clock synchronization;sampling period;wireless sensor network;Clocks;Energy consumption;Monitoring;Network servers;Propagation delay;Protocols;Sampling methods;Sensor systems and applications;Streaming media;Synchronization},
  doi={10.1109/RTCSA.2007.27},
  ISSN={2325-1271},
  month={Aug},
}

@INBOOK{6990199,
  author={Juan A. Martinez-Velasco},
  booktitle={Transient Analysis of Power Systems:Solution Techniques, Tools and Applications},
  title={Dynamic Average Modelling of Rectifier Loads and AC-DC Converters for Power System Applications},
  year={2014},
  pages={648-},
  doi={10.1002/9781118694190.ch10},
  publisher={Wiley-IEEE Press},
  isbn={9781118694190},
  url={http://ieeexplore.ieee.org/xpl/articleDetails.jsp?arnumber=6990199},
}

@INPROCEEDINGS{6459353,
  booktitle={2012 42nd European Microwave Conference},
  title={2012 42nd European Microwave Conference - Book of abstracts},
  year={2012},
  pages={1-62},
  doi={10.23919/EuMC.2012.6459353},
  month={Oct},
}

@ARTICLE{1539868,
  journal={IEEE Transactions on Ultrasonics, Ferroelectrics, and Frequency Control},
  title={Fortieth Annual Frequency Control Symposium Abstracts},
  year={1986},
  volume={33},
  number={6},
  pages={782-795},
  doi={10.1109/T-UFFC.1986.26897},
  ISSN={0885-3010},
  month={Nov},
}

@ARTICLE{7468467,
  author={Y. Wei and J. Qiu and H. K. Lam and L. Wu},
  journal={IEEE Transactions on Fuzzy Systems},
  title={Approaches to T #8211;S Fuzzy-Affine-Model-Based Reliable Output Feedback Control for Nonlinear It #244; Stochastic Systems},
  year={2017},
  volume={25},
  number={3},
  pages={569-583},
  keywords={H∞ control;Lyapunov methods;Markov processes;actuators;closed loop systems;continuous time systems;feedback;fuzzy set theory;fuzzy systems;linear matrix inequalities;nonlinear control systems;robust control;stochastic systems;Itô differential formula;Itô-type Takagi-Sugeno fuzzy-affine model;Markov process;Markovian Lyapunov function;SOF controller synthesis;T-S fuzzy-affine-model-based reliable output feedback control;actuator faults;continuous-time nonlinear stochastic systems;disturbance attenuation level;linear matrix inequalities;matrix inequality convexification;nonlinear Itô stochastic systems;parametric uncertainties;piecewise SOF controller design;robust H∞ static output feedback controller synthesis;stochastically stable closed-loop system;Analytical models;Mathematical model;Reliability;Silicon;Stochastic processes;Stochastic systems;Uncertainty;Itô stochastic systems;Takagi–Sugeno (T–S) fuzzy-affine systems;mode-dependent Lyapunov function;nonlinear systems;reliable output feedback control},
  doi={10.1109/TFUZZ.2016.2566810},
  ISSN={1063-6706},
  month={June},
}

@INPROCEEDINGS{5381650,
  author={W. B. Langdon and M. Harman and Y. Jia},
  booktitle={2009 Testing: Academic and Industrial Conference - Practice and Research Techniques},
  title={Multi Objective Higher Order Mutation Testing with Genetic Programming},
  year={2009},
  pages={21-29},
  keywords={genetic algorithms;program testing;software fault tolerance;fault finding;fault injection technique;genetic programming;multiobjective higher order mutation testing;search based approach;Arithmetic;Benchmark testing;Computer industry;Computer science;Educational institutions;Genetic mutations;Genetic programming;Heart;Performance evaluation;Programming profession;Pareto optimality;genetic programming;higher order mutation;mutation testing;schedule;tcas;triangle},
  doi={10.1109/TAICPART.2009.18},
  month={Sept},
}

@ARTICLE{6819407,
  author={J. Konstantinova and A. Jiang and K. Althoefer and P. Dasgupta and T. Nanayakkara},
  journal={IEEE Sensors Journal},
  title={Implementation of Tactile Sensing for Palpation in Robot-Assisted Minimally Invasive Surgery: A Review},
  year={2014},
  volume={14},
  number={8},
  pages={2490-2501},
  keywords={medical robotics;surgery;tactile sensors;RMIS;manual palpation;palpation devices;probing devices;robot assisted minimally invasive surgery;surgical applications;tactile sensing;tactile sensors;Biological tissues;Optical fiber sensors;Probes;Surgery;Tactile sensors;Force sensors;medical robotics;minimally invasive surgery;tactile sensors},
  doi={10.1109/JSEN.2014.2325794},
  ISSN={1530-437X},
  month={Aug},
}

@ARTICLE{1066649,
  author={A. Greifer},
  journal={IEEE Transactions on Magnetics},
  title={Ferrite memory materials},
  year={1969},
  volume={5},
  number={4},
  pages={774-811},
  keywords={Bibliographies;Ferrite core memories;Magnetic cores;Magnetic materials;Art;Chemical technology;Chemistry;Ferrites;History;Hysteresis;Magnetic materials;Manufacturing;Paper technology;Physics},
  doi={10.1109/TMAG.1969.1066649},
  ISSN={0018-9464},
  month={Dec},
}

@ARTICLE{6971199,
  author={K. Y. Chan and H. K. Lam and T. S. Dillon and S. H. Ling},
  journal={IEEE Transactions on Fuzzy Systems},
  title={A Stepwise-Based Fuzzy Regression Procedure for Developing Customer Preference Models in New Product Development},
  year={2015},
  volume={23},
  number={5},
  pages={1728-1745},
  keywords={consumer behaviour;customer satisfaction;customer services;fuzzy set theory;least squares approximations;product development;regression analysis;F-SR;consumer preference model;consumer preferences model;customer preference model;engineering characteristics;fuzzy least-squares regression;fuzzy modeling method;fuzzy regression method;fuzzy stepwise regression;generalization capability;high-order regressor;new product development;polynomial structure;product developer;solder paste dispenser design;stepwise-based fuzzy regression procedure;Analytical models;Computational modeling;Indexes;Numerical models;Planning;Polynomials;Product development;Consumer preferences;consumer preferences;customer satisfaction;engineering characteristics;fuzzy least square regression;fuzzy least-squares regression;fuzzy regression;new product development;stepwise regression},
  doi={10.1109/TFUZZ.2014.2375911},
  ISSN={1063-6706},
  month={Oct},
}

@ARTICLE{6323018,
  author={L. Hang and M. Zhang and L. M. Tolbert and Z. Lu},
  journal={IEEE Transactions on Industrial Electronics},
  title={Digitized Feedforward Compensation Method for High-Power-Density Three-Phase Vienna PFC Converter},
  year={2013},
  volume={60},
  number={4},
  pages={1512-1519},
  keywords={AC-DC power convertors;compensation;digital control;feedforward;power factor correction;rectifying circuits;switching convertors;CCM;DCM;continuous-conduction mode;digitally controlled Vienna rectifier;digitized feedforward compensation method;discontinuous-conduction mode;front-end three-phase AC-DC power factor correction rectifier;high-power-density three-phase Vienna PFC converter;input inductance reduction;three-level bidirectional-switch Vienna topology;Density measurement;Feedforward neural networks;Inductors;Power system measurements;Rectifiers;Switches;Topology;Continuous-conduction mode (CCM) mixed-conduction mode (MCM);digital control;discontinuous-conduction mode (DCM);power electronics;power factor correction (PFC)},
  doi={10.1109/TIE.2012.2222851},
  ISSN={0278-0046},
  month={April},
}

@INPROCEEDINGS{6459355,
  booktitle={2012 42nd European Microwave Conference},
  title={EuMC 2012 abstract cards},
  year={2012},
  pages={1-351},
  doi={10.23919/EuMC.2012.6459355},
  month={Oct},
}

@INPROCEEDINGS{7525221,
  author={Y. C. Wu and G. Lederman and S. Lafortune},
  booktitle={2016 American Control Conference (ACC)},
  title={Enhancing opacity of stochastic discrete event systems using insertion functions},
  year={2016},
  pages={2053-2060},
  keywords={control system synthesis;discrete event systems;finite automata;observability;optimal control;probabilistic automata;probability;stochastic systems;algorithmic procedure;fictitious events;opacity level;optimal insertion function synthesis;probabilistic finite-state automata;probability;stochastic discrete event systems;system observable output;system output;Automata;Context;Discrete-event systems;Indexes;Observers;Probabilistic logic;Stochastic processes},
  doi={10.1109/ACC.2016.7525221},
  month={July},
}

@ARTICLE{5585831,
  author={S. A. Sadrossadat and H. Mostafa and M. Anis},
  journal={IEEE Transactions on Semiconductor Manufacturing},
  title={Statistical Design Framework of Submicron Flip-Flop Circuits Considering Process Variations},
  year={2011},
  volume={24},
  number={1},
  pages={69-79},
  keywords={flip-flops;integrated circuit layout;statistical analysis;layout area design specifications;leakage power;nanometer regime;nominal design parameters;process variations;statistical design framework;submicron flip-flop circuits;switching power;threshold voltage;transistor dimensions;transmission gate-based master-slave flip-flop;Design framework;flip-flops;nanometer regime;process variations;yield maximization},
  doi={10.1109/TSM.2010.2080693},
  ISSN={0894-6507},
  month={Feb},
}

@ARTICLE{5251106,
  author={D. B. Giesner and J. Arrillaga},
  journal={Electrical Engineers, Proceedings of the Institution of},
  title={Behaviour of h.v. d.c. links under balanced-a.c.-fault conditions},
  year={1971},
  volume={118},
  number={3.4},
  pages={591-599},
  keywords={DC power transmission;computer applications;distribution networks;electrical engineering applications of computers;electrical faults;modelling;HVDC;computer modelling;dynamic modelling;fault analysis;network links},
  doi={10.1049/piee.1971.0100},
  ISSN={0020-3270},
  month={March},
}

@ARTICLE{7931537,
  author={N. Zhao and S. Zhang and F. R. Yu and Y. Chen and A. Nallanathan and V. C. M. Leung},
  journal={IEEE Access},
  title={Exploiting Interference for Energy Harvesting: A Survey, Research Issues, and Challenges},
  year={2017},
  volume={5},
  pages={10403-10421},
  keywords={array signal processing;energy harvesting;radio networks;radiofrequency interference;IM technique;adversarial jamming signal;antenna dimension;artificial noise;beamforming optimization;energy harvesting;interference alignment;interference management technique;interference problem;network topology;receiver architecture;wireless EH systems;wireless communication;wireless networks;wireless nodes;wireless signal;Couplings;Energy harvesting;Interference;Radio frequency;Receivers;Wireless networks;Beamforming optimization;interference alignment;interference management;power splitting;simultaneous wireless information and power transfer;time switching;wireless energy harvesting},
  doi={10.1109/ACCESS.2017.2705638},
  ISSN={2169-3536},
  month={},
}

@ARTICLE{5983439,
  author={A. V. Ravi Teja and C. Chakraborty and S. Maiti and Y. Hori},
  journal={IEEE Transactions on Industrial Electronics},
  title={A New Model Reference Adaptive Controller for Four Quadrant Vector Controlled Induction Motor Drives},
  year={2012},
  volume={59},
  number={10},
  pages={3757-3767},
  keywords={angular velocity control;induction motor drives;machine vector control;model reference adaptive control systems;sensorless machine control;stability;MRAC;MRAC-based speed sensorless vector control drive;Matlab-Simulink;dSPACE-1104-based laboratory prototype;four quadrant vector controlled induction motor drives;model reference adaptive controller;rotor flux;speed estimation;speed signal;stator flux;stator resistance estimation technique;system stability;Adaptation models;Estimation;Mathematical model;Resistance;Rotors;Stability analysis;Stators;Induction motor;model reference adaptive controller (MRAC);sensorless;stator resistance;vector control},
  doi={10.1109/TIE.2011.2164769},
  ISSN={0278-0046},
  month={Oct},
}

@INPROCEEDINGS{4757458,
  author={C. Bertolissi and M. Fernandez},
  booktitle={2008 Third International Conference on Risks and Security of Internet and Systems},
  title={An algebraic-functional framework for distributed access control},
  year={2008},
  pages={1-8},
  keywords={authorisation;functional languages;algebraic-functional framework;distributed access control;Access control;Communication industry;Computer science;Computer security;Digital communication;Educational institutions;History;Information analysis;Information security;Internet},
  doi={10.1109/CRISIS.2008.4757458},
  ISSN={2151-4763},
  month={Oct},
}

@ARTICLE{285511,
  author={M. B. Sandler},
  journal={Electronics Communication Engineering Journal},
  title={Digital-to-analogue conversion using pulse width modulation},
  year={1993},
  volume={5},
  number={6},
  pages={339-348},
  keywords={audio-frequency amplifiers;digital-analogue conversion;power amplifiers;power convertors;pulse width modulation;signal processing;DAC;digital amplifier;digital audio;digital signal processing;digital-to-analogue converter;digital-to-analogue power converter;high accuracy;high resolution;modulator;output stage;power amplifier;pulse width modulation;simulations;Audio amplifiers;Digital-analog conversion;Power amplifiers;Power conversion;Pulse width modulation;Signal processing},
  doi={10.1049/ecej:19930068},
  ISSN={0954-0695},
  month={Dec},
}

@inproceedings{Kirchberg:2003:IPF:820085.820112,
  author = {Kirchberg, Markus and Link, Sebastian},
  title = {On the Implication Problem for Functional Dependencies in the Higher-order Entity-relationship Model},
  booktitle = {Proceedings of the 14th Australasian Database Conference - Volume 17},
  series = {ADC '03},
  year = {2003},
  isbn = {0-909-92595-X},
  location = {Adelaide, Australia},
  pages = {115--124},
  numpages = {10},
  url = {http://dl.acm.org/citation.cfm?id=820085.820112},
  acmid = {820112},
  publisher = {Australian Computer Society, Inc.},
  address = {Darlinghurst, Australia, Australia},
  keywords = {advanced foundations of databases, entity-relationship modeling, functional dependencies, logic in databases},
}

@article{Gottlob:2010:MDO:1838552.1838555,
  author = {Gottlob, Georg and Pichler, Reinhard and Wei, Fang},
  title = {Monadic Datalog over Finite Structures of Bounded Treewidth},
  journal = {ACM Trans. Comput. Logic},
  issue_date = {October 2010},
  volume = {12},
  number = {1},
  month = {nov},
  year = {2010},
  issn = {1529-3785},
  pages = {3:1--3:48},
  articleno = {3},
  numpages = {48},
  url = {http://doi.acm.org/10.1145/1838552.1838555},
  doi = {10.1145/1838552.1838555},
  acmid = {1838555},
  publisher = {ACM},
  address = {New York, NY, USA},
  keywords = {Datalog, Monadic second-order logic, fixed-parameter tractability, tree decomposition, treewidth},
}

@inproceedings{Morgenshtein:2008:TOL:1353610.1353615,
  author = {Morgenshtein, Arkadiy and Friedman, Eby G. and Ginosar, Ran and Kolodny, Avinoam},
  title = {Timing Optimization in Logic with Interconnect},
  booktitle = {Proceedings of the 2008 International Workshop on System Level Interconnect Prediction},
  series = {SLIP '08},
  year = {2008},
  isbn = {978-1-59593-918-0},
  location = {Newcastle, United Kingdom},
  pages = {19--26},
  numpages = {8},
  url = {http://doi.acm.org/10.1145/1353610.1353615},
  doi = {10.1145/1353610.1353615},
  acmid = {1353615},
  publisher = {ACM},
  address = {New York, NY, USA},
  keywords = {interconnect, logic circuits, logical effort, repeaters, timing optimization},
}

@article{Knuth:1996:II:235141.235146,
  author = {Knuth, Donald E.},
  title = {Irredundant Intervals},
  journal = {J. Exp. Algorithmics},
  issue_date = {1996},
  volume = {1},
  month = {jan},
  year = {1996},
  issn = {1084-6654},
  articleno = {1},
  url = {http://doi.acm.org/10.1145/235141.235146},
  doi = {10.1145/235141.235146},
  acmid = {235146},
  publisher = {ACM},
  address = {New York, NY, USA},
}

@article{Rothlauf:2003:RRE:965211.965214,
  author = {Rothlauf, Franz and Goldberg, David E.},
  title = {Redundant Representations in Evolutionary Computation},
  journal = {Evol. Comput.},
  issue_date = {Winter 2003},
  volume = {11},
  number = {4},
  month = {dec},
  year = {2003},
  issn = {1063-6560},
  pages = {381--415},
  numpages = {35},
  url = {http://dx.doi.org/10.1162/106365603322519288},
  doi = {10.1162/106365603322519288},
  acmid = {965214},
  publisher = {MIT Press},
  address = {Cambridge, MA, USA},
  keywords = {link-and-node biased encoding, neutral networks, neutral theory, non-synonymously redundant, redundant representations, synonymously redundant, trivial voting mapping},
}

@inproceedings{Lee:2001:PGT:603095.603111,
  author = {Lee, Yu Min and Chen, Charlie Chung Ping},
  title = {Power Grid Transient Simulation in Linear Time Based on Transmission-line-modeling Alternating-direction-implicit Method},
  booktitle = {Proceedings of the 2001 IEEE/ACM International Conference on Computer-aided Design},
  series = {ICCAD '01},
  year = {2001},
  isbn = {0-7803-7249-2},
  location = {San Jose, California},
  pages = {75--80},
  numpages = {6},
  url = {http://dl.acm.org/citation.cfm?id=603095.603111},
  acmid = {603111},
  publisher = {IEEE Press},
  address = {Piscataway, NJ, USA},
}

@article{Yu:2012:SCC:2345141.2248438,
  author = {Yu, Fang and Yang, Shun-Ching and Wang, Farn and Chen, Guan-Cheng and Chan, Che-Chang},
  title = {Symbolic Consistency Checking of OpenMp Parallel Programs},
  journal = {SIGPLAN Not.},
  issue_date = {MAY 2012},
  volume = {47},
  number = {5},
  month = {jun},
  year = {2012},
  issn = {0362-1340},
  pages = {139--148},
  numpages = {10},
  url = {http://doi.acm.org/10.1145/2345141.2248438},
  doi = {10.1145/2345141.2248438},
  acmid = {2248438},
  publisher = {ACM},
  address = {New York, NY, USA},
  keywords = {OpenMP, consistency, data race, parallel programs, symbolic simulation},
}

@inproceedings{Yu:2012:SCC:2248418.2248438,
  author = {Yu, Fang and Yang, Shun-Ching and Wang, Farn and Chen, Guan-Cheng and Chan, Che-Chang},
  title = {Symbolic Consistency Checking of OpenMp Parallel Programs},
  booktitle = {Proceedings of the 13th ACM SIGPLAN/SIGBED International Conference on Languages, Compilers, Tools and Theory for Embedded Systems},
  series = {LCTES '12},
  year = {2012},
  isbn = {978-1-4503-1212-7},
  location = {Beijing, China},
  pages = {139--148},
  numpages = {10},
  url = {http://doi.acm.org/10.1145/2248418.2248438},
  doi = {10.1145/2248418.2248438},
  acmid = {2248438},
  publisher = {ACM},
  address = {New York, NY, USA},
  keywords = {OpenMP, consistency, data race, parallel programs, symbolic simulation},
}

@article{Cesa-Bianchi:1997:UEA:258128.258179,
  author = {Cesa-Bianchi, Nicol\`{o} and Freund, Yoav and Haussler, David and Helmbold, David P. and Schapire, Robert E. and Warmuth, Manfred K.},
  title = {How to Use Expert Advice},
  journal = {J. ACM},
  issue_date = {May 1997},
  volume = {44},
  number = {3},
  month = {may},
  year = {1997},
  issn = {0004-5411},
  pages = {427--485},
  numpages = {59},
  url = {http://doi.acm.org/10.1145/258128.258179},
  doi = {10.1145/258128.258179},
  acmid = {258179},
  publisher = {ACM},
  address = {New York, NY, USA},
  keywords = {algorithms},
}

@inproceedings{Fomin:2010:ALB:1873601.1873643,
  author = {Fomin, Fedor V. and Golovach, Petr A. and Lokshtanov, Daniel and Saurabh, Saket},
  title = {Algorithmic Lower Bounds for Problems Parameterized by Clique-width},
  booktitle = {Proceedings of the Twenty-first Annual ACM-SIAM Symposium on Discrete Algorithms},
  series = {SODA '10},
  year = {2010},
  isbn = {978-0-898716-98-6},
  location = {Austin, Texas},
  pages = {493--502},
  numpages = {10},
  url = {http://dl.acm.org/citation.cfm?id=1873601.1873643},
  acmid = {1873643},
  publisher = {Society for Industrial and Applied Mathematics},
  address = {Philadelphia, PA, USA},
}

@article{Li:2011:EFF:2035111.2035120,
  author = {Li, Guoliang and Ji, Shengyue and Li, Chen and Feng, Jianhua},
  title = {Efficient Fuzzy Full-text Type-ahead Search},
  journal = {The VLDB Journal},
  issue_date = {August    2011},
  volume = {20},
  number = {4},
  month = {aug},
  year = {2011},
  issn = {1066-8888},
  pages = {617--640},
  numpages = {24},
  url = {http://dx.doi.org/10.1007/s00778-011-0218-x},
  doi = {10.1007/s00778-011-0218-x},
  acmid = {2035120},
  publisher = {Springer-Verlag New York, Inc.},
  address = {Secaucus, NJ, USA},
  keywords = {Auto complete, Full-text search, Fuzzy search, Type-ahead search},
}

@inproceedings{Fredman:1989:CPC:73007.73040,
  author = {Fredman, M. and Saks, M.},
  title = {The Cell Probe Complexity of Dynamic Data Structures},
  booktitle = {Proceedings of the Twenty-first Annual ACM Symposium on Theory of Computing},
  series = {STOC '89},
  year = {1989},
  isbn = {0-89791-307-8},
  location = {Seattle, Washington, USA},
  pages = {345--354},
  numpages = {10},
  url = {http://doi.acm.org/10.1145/73007.73040},
  doi = {10.1145/73007.73040},
  acmid = {73040},
  publisher = {ACM},
  address = {New York, NY, USA},
}
