@inproceedings{Beyer:2013:PRE:2491411.2491429,
  author = {Beyer, Dirk and L\"{o}we, Stefan and Novikov, Evgeny and Stahlbauer, Andreas and Wendler, Philipp},
  title = {Precision Reuse for Efficient Regression Verification},
  booktitle = {Proceedings of the 2013 9th Joint Meeting on Foundations of Software Engineering},
  series = {ESEC/FSE 2013},
  year = {2013},
  isbn = {978-1-4503-2237-9},
  location = {Saint Petersburg, Russia},
  pages = {389--399},
  numpages = {11},
  url = {http://doi.acm.org/10.1145/2491411.2491429},
  doi = {10.1145/2491411.2491429},
  acmid = {2491429},
  publisher = {ACM},
  address = {New York, NY, USA},
  keywords = {Formal Verification, Regression Checking},
}

@inproceedings{Beyer:2015:WVS:2786805.2786867,
  author = {Beyer, Dirk and Dangl, Matthias and Dietsch, Daniel and Heizmann, Matthias and Stahlbauer, Andreas},
  title = {Witness Validation and Stepwise Testification Across Software Verifiers},
  booktitle = {Proceedings of the 2015 10th Joint Meeting on Foundations of Software Engineering},
  series = {ESEC/FSE 2015},
  year = {2015},
  isbn = {978-1-4503-3675-8},
  location = {Bergamo, Italy},
  pages = {721--733},
  numpages = {13},
  url = {http://doi.acm.org/10.1145/2786805.2786867},
  doi = {10.1145/2786805.2786867},
  acmid = {2786867},
  publisher = {ACM},
  address = {New York, NY, USA},
  keywords = {Counterexample Validation, Error Witness, Model Checking, Program Analysis, Software Verification},
}

@inproceedings{Beyer:2010:PAA:1998496.1998532,
  author = {Beyer, Dirk and Keremoglu, M. Erkan and Wendler, Philipp},
  title = {Predicate Abstraction with Adjustable-block Encoding},
  booktitle = {Proceedings of the 2010 Conference on Formal Methods in Computer-Aided Design},
  series = {FMCAD '10},
  year = {2010},
  location = {Lugano, Switzerland},
  pages = {189--198},
  numpages = {10},
  url = {http://dl.acm.org/citation.cfm?id=1998496.1998532},
  acmid = {1998532},
  publisher = {FMCAD Inc},
  address = {Austin, TX},
}

@inproceedings{Beyer:2012:CMC:2393596.2393664,
  author = {Beyer, Dirk and Henzinger, Thomas A. and Keremoglu, M. Erkan and Wendler, Philipp},
  title = {Conditional Model Checking: A Technique to Pass Information Between Verifiers},
  booktitle = {Proceedings of the ACM SIGSOFT 20th International Symposium on the Foundations of Software Engineering},
  series = {FSE '12},
  year = {2012},
  isbn = {978-1-4503-1614-9},
  location = {Cary, North Carolina},
  pages = {57:1--57:11},
  articleno = {57},
  numpages = {11},
  url = {http://doi.acm.org/10.1145/2393596.2393664},
  doi = {10.1145/2393596.2393664},
  acmid = {2393664},
  publisher = {ACM},
  address = {New York, NY, USA},
  keywords = {coverage, formal verification, model checking, program analysis, sequential combination, testing},
}
