@INPROCEEDINGS{6975637,
  author={D. A. Kosower and J. J. Lopez-Villarejo and S. Roubtsov},
  booktitle={2014 IEEE 14th International Working Conference on Source Code Analysis and Manipulation},
  title={Flowgen: Flowchart-Based Documentation Framework for C++},
  year={2014},
  pages={59-64},
  keywords={C++ language;Unified Modeling Language;source code (software);C++ source code;Doxygen documentation tool;Flowgen framework;VINCIA plug-in;flowchart-based documentation framework;high-level UML activity diagrams;large Hadron Collider;Abstracts;Documentation;HTML;Standards;Syntactics;Unified modeling language;Visualization},
  doi={10.1109/SCAM.2014.35},
  month={Sept},
}

@INPROCEEDINGS{7878377,
  author={M. Moser and J. Pichler},
  booktitle={2016 IEEE/ACM International Workshop on Software Engineering for Science (SE4Science)},
  title={Documentation Generation from Annotated Source Code of Scientific Software},
  year={2016},
  pages={12-15},
  keywords={C++ language;project management;risk management;scientific information systems;software quality;source code (software);system documentation;annotated C++ source code;documentation generation;industrial scientific computing project;project failure;risk mitigation;scientific computing community;scientific software system;software productivity;software quality;C++ languages;Documentation;Generators;Skeleton;Software engineering;Software systems;documentation generator;reverse engineering;scientific software;software engineering tools},
  month={May},
}

@INPROCEEDINGS{7097946,
  author={A. Skrastin and G. Lauks},
  booktitle={2015 IEEE 29th International Conference on Advanced Information Networking and Applications},
  title={Evaluation of AggSessAC Admission Control Solution to Improve Network Revenue},
  year={2015},
  pages={23-28},
  keywords={decision making;telecommunication congestion control;telecommunication network management;telecommunication traffic;AggSessAC admission control;OMNeT++ simulation environment;admission control scheme;and network revenue maximization;decision-making process;network revenue management;priority-based flow admission;serialized flow processing strategy;Admission control;Algorithm design and analysis;Bandwidth;Decision making;Delays;Fractals;Mathematical model;connection admission control;internet service provider;network revenue management},
  doi={10.1109/AINA.2015.161},
  ISSN={1550-445X},
  month={March},
}

@INPROCEEDINGS{7332431,
  author={L. Georget and F. Tronel and V. V. T. Tong},
  booktitle={2015 IEEE 3rd Working Conference on Software Visualization (VISSOFT)},
  title={Kayrebt: An activity diagram extraction and visualization toolset designed for the Linux codebase},
  year={2015},
  pages={170-174},
  keywords={C language;Linux;Unified Modeling Language;data visualisation;graphical user interfaces;operating system kernels;program compilers;source code (software);C source code;GCC;GUI;Gnu compiler collection;Kayrebt;Linux codebase;Linux kernel;activity diagram extraction;extractor;pseudo-UML2 activity diagram;source code;viewer;visualization toolset;Graphical user interfaces;Kernel;Libraries;Linux;Navigation;Optimization;Visualization;Activity Diagrams;Compilation;Control Flow;GCC;Linux},
  doi={10.1109/VISSOFT.2015.7332431},
  month={Sept},
}
