@inproceedings{Mirshokraie:2013:PGT:3107656.3107736,
  author = {Mirshokraie, Shabnam and Mesbah, Ali and Pattabiraman, Karthik},
  title = {PYTHIA: Generating Test Cases with Oracles for JavaScript Applications},
  booktitle = {Proceedings of the 28th IEEE/ACM International Conference on Automated Software Engineering},
  series = {ASE'13},
  year = {2013},
  isbn = {978-1-4799-0215-6},
  location = {Silicon Valley, CA, USA},
  pages = {610--615},
  numpages = {6},
  url = {https://doi.org/10.1109/ASE.2013.6693121},
  doi = {10.1109/ASE.2013.6693121},
  acmid = {3107736},
  publisher = {IEEE Press},
  address = {Piscataway, NJ, USA},
  keywords = {DOM, JavaScript, oracles, test generation},
  review={mesmo artigo selecionado na revisão estruturada},
  really_refers_to_software={yes},
  reference_weight={1},
}

@inproceedings{Mirshokraie:2014:ETG:2610384.2631832,
  author = {Mirshokraie, Shabnam},
  title = {Effective Test Generation and Adequacy Assessment for JavaScript-based Web Applications},
  booktitle = {Proceedings of the 2014 International Symposium on Software Testing and Analysis},
  series = {ISSTA 2014},
  year = {2014},
  isbn = {978-1-4503-2645-2},
  location = {San Jose, CA, USA},
  pages = {453--456},
  numpages = {4},
  url = {http://doi.acm.org/10.1145/2610384.2631832},
  doi = {10.1145/2610384.2631832},
  acmid = {2631832},
  publisher = {ACM},
  address = {New York, NY, USA},
  keywords = {JavaScript, Mutation Testing, Test generation},
  review={cita o artigo selecionado na revisão estruturada, cita o software como resultado deste paper tb, implementou uma nova abordagem no software, mesmo autor principal},
  really_refers_to_software={yes},
  reference_weight={0.5},
}

@article{claffy:2012:WAI:2317307.2317315,
  author = {claffy, kc},
  title = {The 4th Workshop on Active Internet Measurements (AIMS-4) Report},
  journal = {SIGCOMM Comput. Commun. Rev.},
  issue_date = {July 2012},
  volume = {42},
  number = {3},
  month = jun,
  year = {2012},
  issn = {0146-4833},
  pages = {34--38},
  numpages = {5},
  url = {http://doi.acm.org/10.1145/2317307.2317315},
  doi = {10.1145/2317307.2317315},
  acmid = {2317315},
  publisher = {ACM},
  address = {New York, NY, USA},
  keywords = {active measurement, internet measurement techniques, validation},
  review={cita um outro projeto com o mesmo nome, sem relação com o software},
  really_refers_to_software={no},
}

@article{claffy:2011:WAI:2002250.2002257,
  author = {claffy, kc},
  title = {The 3rd Workshop on Active Internet Measurements (AIMS-3) Report},
  journal = {SIGCOMM Comput. Commun. Rev.},
  issue_date = {July 2011},
  volume = {41},
  number = {3},
  month = jul,
  year = {2011},
  issn = {0146-4833},
  pages = {37--42},
  numpages = {6},
  url = {http://doi.acm.org/10.1145/2002250.2002257},
  doi = {10.1145/2002250.2002257},
  acmid = {2002257},
  publisher = {ACM},
  address = {New York, NY, USA},
  keywords = {active measurement, internet measurement techniques, management techniques, validation},
  review={cita um outro projeto com o mesmo nome, sem relação com o software},
  really_refers_to_software={no},
}

@inproceedings{Jarecki:2016:DPP:2897845.2897880,
  author = {Jarecki, Stanislaw and Krawczyk, Hugo and Shirvanian, Maliheh and Saxena, Nitesh},
  title = {Device-Enhanced Password Protocols with Optimal Online-Offline Protection},
  booktitle = {Proceedings of the 11th ACM on Asia Conference on Computer and Communications Security},
  series = {ASIA CCS '16},
  year = {2016},
  isbn = {978-1-4503-4233-9},
  location = {Xi'an, China},
  pages = {177--188},
  numpages = {12},
  url = {http://doi.acm.org/10.1145/2897845.2897880},
  doi = {10.1145/2897845.2897880},
  acmid = {2897880},
  publisher = {ACM},
  address = {New York, NY, USA},
  keywords = {Passwords},
  review={cita um outro projeto com o mesmo nome, sem relação com o software},
  really_refers_to_software={no},
}
