@inproceedings{7985704,
  author = {J. M. Rojas and T. D. White and B. S. Clegg and G. Fraser},
  booktitle = {2017 IEEE/ACM 39th International Conference on Software Engineering (ICSE)},
  title = {Code Defenders: Crowdsourcing Effective Tests and Subtle Mutants with a Mutation Testing Game},
  year = {2017},
  pages = {677-688},
  keywords = {Computer bugs;Crowdsourcing;Games;Software;Testing;Tools;Writing;crowdsourcing;gamification;mutation testing;software testing},
  doi = {10.1109/ICSE.2017.68},
  month = {May},
  review = {cita o artigo selecionado na revisão estruturada},
  really_refers_to_software = {no},
}

@inproceedings{6392096,
  author = {T. Xie},
  booktitle = {2012 IEEE 12th International Working Conference on Source Code Analysis and Manipulation},
  title = {Cooperative Testing and Analysis: Human-Tool, Tool-Tool and Human-Human Cooperations to Get Work Done},
  year = {2012},
  pages = {1-3},
  keywords = {human computer interaction;program testing;software tools;cooperative analysis;cooperative testing;crowdsourcing;feedback loop;human-human cooperation;human-tool cooperation;software analysis;software engineering;software testing;tool automation;tool-tool cooperation;Debugging;Encoding;Humans;Manuals;Software engineering;Software testing;cooperative testing and analysis;crowdsourcing;human-assisted computing;human-centric computing;tool integration},
  doi = {10.1109/SCAM.2012.31},
  month = {Sept},
  review = {cita o artigo selecionado na revisão estruturada},
  really_refers_to_software = {no},
}

@inproceedings{6976020,
  author = {S. Arai and K. Sakamoto and H. Washizaki and Y. Fukazawa},
  booktitle = {2014 6th International Workshop on Empirical Software Engineering in Practice},
  title = {A Gamified Tool for Motivating Developers to Remove Warnings of Bug Pattern Tools},
  year = {2014},
  pages = {37-42},
  keywords = {computer games;program debugging;program diagnostics;software fault tolerance;software tools;bug detection;bug pattern tools;developer motivation;gamification technique;gamified tool;point calculation;software development;static analysis tools;warning removal;Accuracy;Computer bugs;Java;Software;Software engineering;XML;Gamification;bug pattern detection},
  doi = {10.1109/IWESEP.2014.17},
  month = {Nov},
  review = {cita o artigo selecionado na revisão estruturada},
  really_refers_to_software = {no},
}

@inproceedings{Wang:2017:DAT:3103112.3103124,
  author = {Wang, Junjie and Cui, Qiang and Wang, Song and Wang, Qing},
  title = {Domain Adaptation for Test Report Classification in Crowdsourced Testing},
  booktitle = {Proceedings of the 39th International Conference on Software Engineering: Software Engineering in Practice Track},
  series = {ICSE-SEIP '17},
  year = {2017},
  isbn = {978-1-5386-2717-4},
  location = {Buenos Aires, Argentina},
  pages = {83--92},
  numpages = {10},
  url = {https://doi.org/10.1109/ICSE-SEIP.2017.8},
  doi = {10.1109/ICSE-SEIP.2017.8},
  acmid = {3103124},
  publisher = {IEEE Press},
  address = {Piscataway, NJ, USA},
  keywords = {crowdsourced testing, deep learning, domain adaptation, test report classification},
  review = {cita o artigo selecionado na revisão estruturada},
  really_refers_to_software = {no},
}

@inproceedings{Chen:2012:PAT:2351676.2351697,
  author = {Chen, Ning and Kim, Sunghun},
  title = {Puzzle-based Automatic Testing: Bringing Humans into the Loop by Solving Puzzles},
  booktitle = {Proceedings of the 27th IEEE/ACM International Conference on Automated Software Engineering},
  series = {ASE 2012},
  year = {2012},
  isbn = {978-1-4503-1204-2},
  location = {Essen, Germany},
  pages = {140--149},
  numpages = {10},
  url = {http://doi.acm.org/10.1145/2351676.2351697},
  doi = {10.1145/2351676.2351697},
  acmid = {2351697},
  publisher = {ACM},
  address = {New York, NY, USA},
  keywords = {Code Coverage, Human Computation, Testing},
  review = {mesmo artigo selecionado na revisão estruturada},
  really_refers_to_software = {yes},
  contribution_weight = {1},
  step = {structured-review},
  conference = {ASE},
}

@inproceedings{7873806,
  author = {S. Novianto and F. Luo and K. Penantcha},
  booktitle = {2016 International Seminar on Application for Technology of Information and Communication (ISemantic)},
  title = {Labeling and finding missing pieces of jigsaw puzzle},
  year = {2016},
  pages = {33-38},
  keywords = {image recognition;automatic missing piece detection;brain game;missing piece finding;missing piece labeling;missing piece size;rotation angle;square jigsaw puzzle;Computers;Games;Image color analysis;Image reconstruction;Image segmentation;Labeling;Seminars;Jigsaw Puzzle;Labeling Pieces;Missing Pieces;Pattern Recognition},
  doi = {10.1109/ISEMANTIC.2016.7873806},
  month = {Aug},
  review = {cita o artigo selecionado na revisão estruturada},
  really_refers_to_software = {no},
}

@inproceedings{6615197,
  author = {T. Xie},
  booktitle = {2013 2nd International Workshop on Realizing Artificial Intelligence Synergies in Software Engineering (RAISE)},
  title = {The synergy of human and artificial intelligence in software engineering},
  year = {2013},
  pages = {4-6},
  keywords = {artificial intelligence;software engineering;AI techniques;artificial intelligence;continuous feedback loop;cooperative analysis;cooperative testing;domain knowledge;human efforts;human intelligence;human-assisted computing;human-centric computing;human-human cooperation;human-tool cooperation;software engineering;software-engineering activity;synergy;user feedback;Artificial intelligence;Data mining;Debugging;Feedback loop;Software;Software engineering;Testing},
  doi = {10.1109/RAISE.2013.6615197},
  month = {May},
  review = {cita o artigo selecionado na revisão estruturada},
  really_refers_to_software = {no},
}

@inproceedings{7528958,
  author = {J. M. Rojas and G. Fraser},
  booktitle = {2016 IEEE Ninth International Conference on Software Testing, Verification and Validation Workshops (ICSTW)},
  title = {Code Defenders: A Mutation Testing Game},
  year = {2016},
  pages = {162-167},
  keywords = {program testing;software quality;code defender;fault detection;gamification;mutation testing game;software testing;Conferences;Context;Education;Games;Software;Software testing;Gamification;Mutation testing;Testing education},
  doi = {10.1109/ICSTW.2016.43},
  month = {April},
  review = {cita o artigo selecionado na revisão estruturada},
  really_refers_to_software = {no},
}

@inproceedings{7962323,
  author = {G. Fraser},
  booktitle = {2017 IEEE/ACM 12th International Workshop on Automation of Software Testing (AST)},
  title = {Gamification of Software Testing},
  year = {2017},
  pages = {2-7},
  keywords = {computer games;computer science education;program debugging;program testing;software quality;complex testing task crowdsourcing;gameplay;program behaviour;programming education;software bugs;software quality improvement;software testing gamification;Education;Games;Programming profession;Software;Software testing},
  doi = {10.1109/AST.2017.20},
  month = {May},
  review = {artigo não encontrado para download, sci-hub.cc saiu do ar},
  really_refers_to_software = {?},
}

@inproceedings{7582757,
  author = {J. Wang and S. Wang and Q. Cui and Q. Wang},
  booktitle = {2016 31st IEEE/ACM International Conference on Automated Software Engineering (ASE)},
  title = {Local-based active classification of test report to assist crowdsourced testing},
  year = {2016},
  pages = {190-201},
  keywords = {learning (artificial intelligence);program debugging;program testing;LOAF;active learning;crowdsourced testing;local-based active classification;supervised machine learning technique;test report;Feature extraction;Labeling;Manuals;Software;Speech recognition;Testing;Training data;Active Learning;Crowdsourced Testing;Test Report Classification},
  month = {Sept},
  review = {cita o software como trabalho relacionado},
  really_refers_to_software = {yes},
  contribution_weight = {0.1},
}

@inproceedings{Orso:2014:STR:2593882.2593885,
  author = {Orso, Alessandro and Rothermel, Gregg},
  title = {Software Testing: A Research Travelogue (2000--2014)},
  booktitle = {Proceedings of the on Future of Software Engineering},
  series = {FOSE 2014},
  year = {2014},
  isbn = {978-1-4503-2865-4},
  location = {Hyderabad, India},
  pages = {117--132},
  numpages = {16},
  url = {http://doi.acm.org/10.1145/2593882.2593885},
  doi = {10.1145/2593882.2593885},
  acmid = {2593885},
  publisher = {ACM},
  address = {New York, NY, USA},
  keywords = {Software testing},
  review = {cita o artigo selecionado na revisão estruturada},
  really_refers_to_software = {no},
}

