@INPROCEEDINGS{6392109,
  author={C. Zoller and A. Schmolitzky},
  booktitle={2012 IEEE 12th International Working Conference on Source Code Analysis and Manipulation},
  title={AccessAnalysis: A Tool for Measuring the Appropriateness of Access Modifiers in Java Systems},
  year={2012},
  pages={120-125},
  keywords={Java;application program interfaces;data encapsulation;program compilers;program diagnostics;user interfaces;AccessAnalysis;Eclipse IDE;IGAM;IGAT;Java AST API;Java DOM API;Java developers;Java systems;class interfaces;inappropriate generosity with accessibility of methods;inappropriate generosity with accessibility of types;information encapsulation;information hiding;minimal access modifiers;plug-in;programming practice;static source code analysis;Abstracts;Approximation methods;Encapsulation;Java;Measurement;Programming;Software engineering},
  doi={10.1109/SCAM.2012.23},
  month={Sept},
}
