@inproceedings{Falleri:2014:FAS:2642937.2642982,
  author = {Falleri, Jean-R{\'e}my and Morandat, Flor{\'e}al and Blanc, Xavier and Martinez, Matias and Monperrus, Martin},
  title = {Fine-grained and Accurate Source Code Differencing},
  booktitle = {Proceedings of the 29th ACM/IEEE International Conference on Automated Software Engineering},
  series = {ASE '14},
  year = {2014},
  isbn = {978-1-4503-3013-8},
  location = {Vasteras, Sweden},
  pages = {313--324},
  numpages = {12},
  url = {http://doi.acm.org/10.1145/2642937.2642982},
  doi = {10.1145/2642937.2642982},
  acmid = {2642982},
  publisher = {ACM},
  address = {New York, NY, USA},
  keywords = {ast, program comprehension, software evolution, tree differencing},
}
