@inproceedings{Vasilescu:2017:RCN:3106237.3106289,
  author = {Vasilescu, Bogdan and Casalnuovo, Casey and Devanbu, Premkumar},
  title = {Recovering Clear, Natural Identifiers from Obfuscated JS Names},
  booktitle = {Proceedings of the 2017 11th Joint Meeting on Foundations of Software Engineering},
  series = {ESEC/FSE 2017},
  year = {2017},
  isbn = {978-1-4503-5105-8},
  location = {Paderborn, Germany},
  pages = {683--693},
  numpages = {11},
  url = {http://doi.acm.org/10.1145/3106237.3106289},
  doi = {10.1145/3106237.3106289},
  acmid = {3106289},
  publisher = {ACM},
  address = {New York, NY, USA},
  keywords = {Deobfuscation, JavaScript, Statistical Machine Translation},
}
