@inproceedings{Lourenco:2015:DIF:2676726.2676994,
 author = {Louren\c{c}o, Lu\'{\i}sa and Caires, Lu\'{\i}s},
 title = {Dependent Information Flow Types},
 booktitle = {Proceedings of the 42Nd Annual ACM SIGPLAN-SIGACT Symposium on Principles of Programming Languages},
 series = {POPL '15},
 year = {2015},
 isbn = {978-1-4503-3300-9},
 location = {Mumbai, India},
 pages = {317--328},
 numpages = {12},
 url = {http://doi.acm.org/10.1145/2676726.2676994},
 doi = {10.1145/2676726.2676994},
 acmid = {2676994},
 publisher = {ACM},
 address = {New York, NY, USA},
 keywords = {dependent type systems, information flow},
}

@article{Lourenco:2015:DIF:2775051.2676994,
 author = {Louren\c{c}o, Lu\'{\i}sa and Caires, Lu\'{\i}s},
 title = {Dependent Information Flow Types},
 journal = {SIGPLAN Not.},
 issue_date = {January 2015},
 volume = {50},
 number = {1},
 month = jan,
 year = {2015},
 issn = {0362-1340},
 pages = {317--328},
 numpages = {12},
 url = {http://doi.acm.org/10.1145/2775051.2676994},
 doi = {10.1145/2775051.2676994},
 acmid = {2676994},
 publisher = {ACM},
 address = {New York, NY, USA},
 keywords = {dependent type systems, information flow},
}

@inproceedings{Eyermann:2005:GAC:1080730.1080739,
 author = {Eyermann, Frank and Racz, Peter and Stiller, Burkhard and Schaefer, Christian and Walter, Thomas},
 title = {Generic Accounting Configuration Management for Heterogeneous Mobile Networks},
 booktitle = {Proceedings of the 3rd ACM International Workshop on Wireless Mobile Applications and Services on WLAN Hotspots},
 series = {WMASH '05},
 year = {2005},
 isbn = {1-59593-143-0},
 location = {Cologne, Germany},
 pages = {46--55},
 numpages = {10},
 url = {http://doi.acm.org/10.1145/1080730.1080739},
 doi = {10.1145/1080730.1080739},
 acmid = {1080739},
 publisher = {ACM},
 address = {New York, NY, USA},
 keywords = {accounting, accounting architecture, charging, hand-over, mobile network operators, roaming, single bill},
}

@inproceedings{Wu:2014:AAI:2632048.2632085,
 author = {Wu, Shuguang and Xiao, Jun},
 title = {AiD: Augmented Information Display},
 booktitle = {Proceedings of the 2014 ACM International Joint Conference on Pervasive and Ubiquitous Computing},
 series = {UbiComp '14},
 year = {2014},
 isbn = {978-1-4503-2968-2},
 location = {Seattle, Washington},
 pages = {523--527},
 numpages = {5},
 url = {http://doi.acm.org/10.1145/2632048.2632085},
 doi = {10.1145/2632048.2632085},
 acmid = {2632085},
 publisher = {ACM},
 address = {New York, NY, USA},
 keywords = {augmented reality, information display, infrared, personal area network, visible light communication},
}

@article{Chan:2002:EFX:764199.764205,
 author = {Chan, C.-Y. and Felber, P. and Garofalakis, M. and Rastogi, R.},
 title = {Efficient Filtering of XML Documents with XPath Expressions},
 journal = {The VLDB Journal},
 issue_date = {December 2002},
 volume = {11},
 number = {4},
 month = dec,
 year = {2002},
 issn = {1066-8888},
 pages = {354--379},
 numpages = {26},
 url = {http://dx.doi.org/10.1007/s00778-002-0077-6},
 doi = {10.1007/s00778-002-0077-6},
 acmid = {764205},
 publisher = {Springer-Verlag New York, Inc.},
 address = {Secaucus, NJ, USA},
 keywords = {Data dissemination, Document filtering, Index structure, XML, XPath},
}

@inproceedings{Blake:2003:EDM:948542.948554,
 author = {Blake, M. Brian},
 title = {Enterprise Data Management in Research Organizations: Data the Way You Want It},
 booktitle = {Proceedings of the 2003 Conference on Diversity in Computing},
 series = {TAPIA '03},
 year = {2003},
 isbn = {1-58113-790-7},
 location = {Atlanta, Georgia, USA},
 pages = {55--64},
 numpages = {10},
 url = {http://doi.acm.org/10.1145/948542.948554},
 doi = {10.1145/948542.948554},
 acmid = {948554},
 publisher = {ACM},
 address = {New York, NY, USA},
 keywords = {XML, XSLT, semi-structured data, web-accessible databases},
}

@article{Amato:2017:BDM:3034773.3012286,
 author = {Amato, Flora and Moscato, Vincenzo and Picariello, Antonio and Colace, Francesco and Santo, Massimo De and Schreiber, Fabio A. and Tanca, Letizia},
 title = {Big Data Meets Digital Cultural Heritage: Design and Implementation of SCRABS, A Smart Context-awaRe Browsing Assistant for Cultural EnvironmentS},
 journal = {J. Comput. Cult. Herit.},
 issue_date = {April 2017},
 volume = {10},
 number = {1},
 month = apr,
 year = {2017},
 issn = {1556-4673},
 pages = {6:1--6:23},
 articleno = {6},
 numpages = {23},
 url = {http://doi.acm.org/10.1145/3012286},
 doi = {10.1145/3012286},
 acmid = {3012286},
 publisher = {ACM},
 address = {New York, NY, USA},
 keywords = {Big data, cultural heritage, multimedia},
}

@inproceedings{Sbirlea:2014:BMS:2628071.2628090,
 author = {Sb\^{\i}rlea, Dragos and Budimli\'{c}, Zoran and Sarkar, Vivek},
 title = {Bounded Memory Scheduling of Dynamic Task Graphs},
 booktitle = {Proceedings of the 23rd International Conference on Parallel Architectures and Compilation},
 series = {PACT '14},
 year = {2014},
 isbn = {978-1-4503-2809-8},
 location = {Edmonton, AB, Canada},
 pages = {343--356},
 numpages = {14},
 url = {http://doi.acm.org/10.1145/2628071.2628090},
 doi = {10.1145/2628071.2628090},
 acmid = {2628090},
 publisher = {ACM},
 address = {New York, NY, USA},
 keywords = {inspector/executor, task graphs, task scheduling},
}

@article{Markowetz:2009:KSO:1567274.1567279,
 author = {Markowetz, Alexander and Yang, Yin and Papadias, Dimitris},
 title = {Keyword Search over Relational Tables and Streams},
 journal = {ACM Trans. Database Syst.},
 issue_date = {August 2009},
 volume = {34},
 number = {3},
 month = sep,
 year = {2009},
 issn = {0362-5915},
 pages = {17:1--17:51},
 articleno = {17},
 numpages = {51},
 url = {http://doi.acm.org/10.1145/1567274.1567279},
 doi = {10.1145/1567274.1567279},
 acmid = {1567279},
 publisher = {ACM},
 address = {New York, NY, USA},
 keywords = {Search, data graph, data streams, query processing, relational databases},
}

