@INPROCEEDINGS{7781800, 
  author={B. Holland and G. R. Santhanam and P. Awadhutkar and S. Kothari}, 
  booktitle={2016 IEEE 16th International Working Conference on Source Code Analysis and Manipulation (SCAM)}, 
  title={Statically-Informed Dynamic Analysis Tools to Detect Algorithmic Complexity Vulnerabilities}, 
  year={2016}, 
  volume={}, 
  number={}, 
  pages={79-84}, 
  keywords={Java;computational complexity;interactive systems;program diagnostics;AC vulnerabilities;Atlas;Java bytecode;algorithmic complexity vulnerabilities;denial of service attack;human-in-loop exploration;interactive software analysis;program loops;resource consumption;statically-informed dynamic analysis;undergraduate algorithm;visualization capabilities;Algorithm design and analysis;Dynamic scheduling;Java;Probes;Time complexity;Algorithmic Complexity;Dynamic Analysis;Instrumentation;Loop Analysis}, 
  doi={10.1109/SCAM.2016.23}, 
  ISSN={}, 
  month={Oct},
}
