@inproceedings{Chen:2013:JPR:3107656.3107684,
  author = {Chen, Nicholas and Johnson, Ralph E.},
  title = {JFlow: Practical Refactorings for Flow-based Parallelism},
  booktitle = {Proceedings of the 28th IEEE/ACM International Conference on Automated Software Engineering},
  series = {ASE'13},
  year = {2013},
  isbn = {978-1-4799-0215-6},
  location = {Silicon Valley, CA, USA},
  pages = {202--212},
  numpages = {11},
  url = {https://doi.org/10.1109/ASE.2013.6693080},
  doi = {10.1109/ASE.2013.6693080},
  acmid = {3107684},
  publisher = {IEEE Press},
  address = {Piscataway, NJ, USA},
  review={é o mesmo artigo que publicou o software},
  really_refers_to_software={no},
}

@inproceedings{Maruyama:2011:SRT:1984732.1984737,
  author = {Maruyama, Katsuhisa and Omori, Takayuki},
  title = {A Security-aware Refactoring Tool for Java Programs},
  booktitle = {Proceedings of the 4th Workshop on Refactoring Tools},
  series = {WRT '11},
  year = {2011},
  isbn = {978-1-4503-0579-2},
  location = {Waikiki, Honolulu, HI, USA},
  pages = {22--28},
  numpages = {7},
  url = {http://doi.acm.org/10.1145/1984732.1984737},
  doi = {10.1145/1984732.1984737},
  acmid = {1984737},
  publisher = {ACM},
  address = {New York, NY, USA},
  keywords = {access control, information flow, refactoring, software restructuring},
  review={?},
  really_refers_to_software={yes},
}

@inproceedings{Hicks:2007:JDT:1255329.1255331,
  author = {Hicks, Boniface and King, Dave and McDaniel, Patrick},
  title = {Jifclipse: Development Tools for Security-typed Languages},
  booktitle = {Proceedings of the 2007 Workshop on Programming Languages and Analysis for Security},
  series = {PLAS '07},
  year = {2007},
  isbn = {978-1-59593-711-7},
  location = {San Diego, California, USA},
  pages = {1--10},
  numpages = {10},
  url = {http://doi.acm.org/10.1145/1255329.1255331},
  doi = {10.1145/1255329.1255331},
  acmid = {1255331},
  publisher = {ACM},
  address = {New York, NY, USA},
  keywords = {Eclipse, Jif, developer tools, security-typed languages},
  review={cita o software como base para implementação da ferramenta Jifclipse, implementa um superconjunto da linguagem jflow},
  really_refers_to_software={yes},
}

@inproceedings{Choi:2014:SSU:2619287.2619299,
  author = {Choi, Taesang and Kang, Saehoon and Yoon, Sangsik and Yang, Sunhee and Song, Sejun and Park, Hyungbae},
  title = {SuVMF: Software-defined Unified Virtual Monitoring Function for SDN-based Large-scale Networks},
  booktitle = {Proceedings of The Ninth International Conference on Future Internet Technologies},
  series = {CFI '14},
  year = {2014},
  isbn = {978-1-4503-2942-2},
  location = {Tokyo, Japan},
  pages = {4:1--4:6},
  articleno = {4},
  numpages = {6},
  url = {http://doi.acm.org/10.1145/2619287.2619299},
  doi = {10.1145/2619287.2619299},
  acmid = {2619299},
  publisher = {ACM},
  address = {New York, NY, USA},
  keywords = {network function virtualization, network management, scalability, software-defined network (SDN), virtual function lifecycle management, vitual monitoring function},
  review={cita o software como trabalho relacionado},
  really_refers_to_software={yes},
}

@inproceedings{Yu:2011:LFP:1943513.1943525,
  author = {Yu, Junfeng and Zhang, Shengzhi and Liu, Peng and Li, ZhiTang},
  title = {LeakProber: A Framework for Profiling Sensitive Data Leakage Paths},
  booktitle = {Proceedings of the First ACM Conference on Data and Application Security and Privacy},
  series = {CODASPY '11},
  year = {2011},
  isbn = {978-1-4503-0466-5},
  location = {San Antonio, TX, USA},
  pages = {75--84},
  numpages = {10},
  url = {http://doi.acm.org/10.1145/1943513.1943525},
  doi = {10.1145/1943513.1943525},
  acmid = {1943525},
  publisher = {ACM},
  address = {New York, NY, USA},
  keywords = {data flow analysis, data leakage, dynamic instrumentation},
  review={cita o software como trabalho relacionado},
  really_refers_to_software={yes},
}

@article{Pistoia:2009:PLP:1513443.1513449,
  author = {Pistoia, Marco and Erlingsson, \'{U}lfar},
  title = {Programming Languages and Program Analysis for Security: A Three-year Retrospective},
  journal = {SIGPLAN Not.},
  issue_date = {December 2008},
  volume = {43},
  number = {12},
  month = feb,
  year = {2009},
  issn = {0362-1340},
  pages = {32--39},
  numpages = {8},
  url = {http://doi.acm.org/10.1145/1513443.1513449},
  doi = {10.1145/1513443.1513449},
  acmid = {1513449},
  publisher = {ACM},
  address = {New York, NY, USA},
  keywords = {language-based security, program analysis, programming languages, security},
  review={artigo não encontrado para download},
  really_refers_to_software={?},
}

@inproceedings{Abi-Antoun:2010:ASA:1858996.1859001,
  author = {Abi-Antoun, Marwan and Barnes, Jeffrey M.},
  title = {Analyzing Security Architectures},
  booktitle = {Proceedings of the IEEE/ACM International Conference on Automated Software Engineering},
  series = {ASE '10},
  year = {2010},
  isbn = {978-1-4503-0116-9},
  location = {Antwerp, Belgium},
  pages = {3--12},
  numpages = {10},
  url = {http://doi.acm.org/10.1145/1858996.1859001},
  doi = {10.1145/1858996.1859001},
  acmid = {1859001},
  publisher = {ACM},
  address = {New York, NY, USA},
  keywords = {architecture description language, communication integrity, data flow diagram, object graph, ownership domain, security analysis, security architecture, software architecture conformance, static analysis, threat modeling},
  review={cita nos trabalhos relacionados um artigo com o nome do software no título},
  really_refers_to_software={no},
}

@inproceedings{Muthukumaran:2012:TCS:2420950.2420991,
  author = {Muthukumaran, Divya and Rueda, Sandra and Talele, Nirupama and Vijayakumar, Hayawardh and Teutsch, Jason and Jaeger, Trent},
  title = {Transforming Commodity Security Policies to Enforce Clark-Wilson Integrity},
  booktitle = {Proceedings of the 28th Annual Computer Security Applications Conference},
  series = {ACSAC '12},
  year = {2012},
  isbn = {978-1-4503-1312-4},
  location = {Orlando, Florida, USA},
  pages = {269--278},
  numpages = {10},
  url = {http://doi.acm.org/10.1145/2420950.2420991},
  doi = {10.1145/2420950.2420991},
  acmid = {2420991},
  publisher = {ACM},
  address = {New York, NY, USA},
  review={cita um artigo com o nome do software no título},
  really_refers_to_software={no},
}

@article{Markstrum:2010:JDP:1667048.1667049,
  author = {Markstrum, Shane and Marino, Daniel and Esquivel, Matthew and Millstein, Todd and Andreae, Chris and Noble, James},
  title = {JavaCOP: Declarative Pluggable Types for Java},
  journal = {ACM Trans. Program. Lang. Syst.},
  issue_date = {January 2010},
  volume = {32},
  number = {2},
  month = feb,
  year = {2010},
  issn = {0164-0925},
  pages = {4:1--4:37},
  articleno = {4},
  numpages = {37},
  url = {http://doi.acm.org/10.1145/1667048.1667049},
  doi = {10.1145/1667048.1667049},
  acmid = {1667049},
  publisher = {ACM},
  address = {New York, NY, USA},
  keywords = {JavaCOP, pluggable type systems},
  review={cita um artigo com o nome do software no título},
  really_refers_to_software={no},
}

@inproceedings{Ernst:2014:CVI:2660267.2660343,
  author = {Ernst, Michael D. and Just, Ren{\'e} and Millstein, Suzanne and Dietl, Werner and Pernsteiner, Stuart and Roesner, Franziska and Koscher, Karl and Barros, Paulo Barros and Bhoraskar, Ravi and Han, Seungyeop and Vines, Paul and Wu, Edward X.},
  title = {Collaborative Verification of Information Flow for a High-Assurance App Store},
  booktitle = {Proceedings of the 2014 ACM SIGSAC Conference on Computer and Communications Security},
  series = {CCS '14},
  year = {2014},
  isbn = {978-1-4503-2957-6},
  location = {Scottsdale, Arizona, USA},
  pages = {1092--1104},
  numpages = {13},
  url = {http://doi.acm.org/10.1145/2660267.2660343},
  doi = {10.1145/2660267.2660343},
  acmid = {2660343},
  publisher = {ACM},
  address = {New York, NY, USA},
  keywords = {android security, collaborative verification, information flow, static analysis},
  review={cita um artigo com o nome do software no título},
  really_refers_to_software={no},
}

@inproceedings{Sridharan:2011:FTA:2048066.2048145,
  author = {Sridharan, Manu and Artzi, Shay and Pistoia, Marco and Guarnieri, Salvatore and Tripp, Omer and Berg, Ryan},
  title = {F4F: Taint Analysis of Framework-based Web Applications},
  booktitle = {Proceedings of the 2011 ACM International Conference on Object Oriented Programming Systems Languages and Applications},
  series = {OOPSLA '11},
  year = {2011},
  isbn = {978-1-4503-0940-0},
  location = {Portland, Oregon, USA},
  pages = {1053--1068},
  numpages = {16},
  url = {http://doi.acm.org/10.1145/2048066.2048145},
  doi = {10.1145/2048066.2048145},
  acmid = {2048145},
  publisher = {ACM},
  address = {New York, NY, USA},
  keywords = {frameworks, security, taint analysis},
  review={cita um artigo com o nome do software no título},
  really_refers_to_software={no},
}

@article{Sridharan:2011:FTA:2076021.2048145,
  author = {Sridharan, Manu and Artzi, Shay and Pistoia, Marco and Guarnieri, Salvatore and Tripp, Omer and Berg, Ryan},
  title = {F4F: Taint Analysis of Framework-based Web Applications},
  journal = {SIGPLAN Not.},
  issue_date = {October 2011},
  volume = {46},
  number = {10},
  month = oct,
  year = {2011},
  issn = {0362-1340},
  pages = {1053--1068},
  numpages = {16},
  url = {http://doi.acm.org/10.1145/2076021.2048145},
  doi = {10.1145/2076021.2048145},
  acmid = {2048145},
  publisher = {ACM},
  address = {New York, NY, USA},
  keywords = {frameworks, security, taint analysis},
  review={item duplicado},
  really_refers_to_software={no},
}
