@INPROCEEDINGS{4463703,
  author={C. Hammer and J. Krinke and F. Nodes},
  booktitle={Second International Symposium on Leveraging Applications of Formal Methods, Verification and Validation (isola 2006)},
  title={Intransitive Noninterference in Dependence Graphs},
  year={2006},
  pages={119-128},
  keywords={Java;graph theory;program diagnostics;security of data;Java bytecode programs;context-sensitive analysis;dependence graphs;information flow control;intransitive noninterference;static analysis;Control systems;Data security;Data structures;History;Information analysis;Information security;Java;Joining processes;Lattices},
  doi={10.1109/ISoLA.2006.39},
  month={Nov},
  review={cita o software como trabalho relacionado},
  really_refers_to_software={yes},
}

@INPROCEEDINGS{4041163,
  author={B. Hicks and K. Ahmadizadeh and P. McDaniel},
  booktitle={2006 22nd Annual Computer Security Applications Conference (ACSAC'06)},
  title={From Languages to Systems: Understanding Practical Application Development in Security-typed Languages},
  year={2006},
  pages={153-164},
  keywords={Java;electronic mail;security of data;software tools;Java language;Jif;email system;policy tools;security-typed languages;Application software;Computer science;Computer security;Cryptography;Data security;Electronic mail;Information security;Internet;Java;Laboratories},
  doi={10.1109/ACSAC.2006.30},
  ISSN={1063-9527},
  month={Dec},
  review={cita o software como trabalho relacionado},
  really_refers_to_software={yes},
}

@INPROCEEDINGS{6693080,
  author={N. Chen and R. E. Johnson},
  booktitle={2013 28th IEEE/ACM International Conference on Automated Software Engineering (ASE)},
  title={JFlow: Practical refactorings for flow-based parallelism},
  year={2013},
  pages={202-212},
  keywords={interactive systems;parallel programming;public domain software;software maintenance;Eclipse IDE;Groovy GPars;Intel TBB flow graph;JFlow;Microsoft TPL dataflow;RMS domain;automatic financial trading;data warehousing;flow-based parallelism;image processing;interactive refactoring tool;large open source projects;parallel libraries;recognition, mining and synthesis domain;sequential code refactoring;video processing;Databases;Feature extraction;Java;Libraries;Parallel processing;Pipelines;Sensitivity},
  doi={10.1109/ASE.2013.6693080},
  month={Nov},
  review={é o mesmo artigo que publicou o software},
  really_refers_to_software={no},
}

@INPROCEEDINGS{7243741,
  author={R. Küsters and T. Truderung and B. Beckert and D. Bruns and M. Kirsten and M. Mohr},
  booktitle={2015 IEEE 28th Computer Security Foundations Symposium},
  title={A Hybrid Approach for Proving Noninterference of Java Programs},
  year={2015},
  pages={305-319},
  keywords={Java;program diagnostics;program verification;theorem proving;CVJ framework;Java programs noninterference properties;Joana;KeY theorem prover;automatic analysis;cryptographic privacy properties;e-voting system;functional property verification;hybrid approach;interactive analysis;noninterference property checking;Cryptography;Electronic mail;Electronic voting;Java;Privacy;Standards;code-level cryptographic analysis;language-based security;noninterference;program analysis},
  doi={10.1109/CSF.2015.28},
  ISSN={1063-6900},
  month={July},
  review={cita nos trabalhos relacionados um artigo com o nome do software no título},
  really_refers_to_software={no},
}

@INPROCEEDINGS{4223221,
  author={M. Pistoia and A. Banerjee and D. A. Naumann},
  booktitle={2007 IEEE Symposium on Security and Privacy (SP '07)},
  title={Beyond Stack Inspection: A Unified Access-Control and Information-Flow Security Model},
  year={2007},
  pages={149-163},
  keywords={authorisation;data flow analysis;data integrity;object-oriented programming;program verification;Java;Microsoft .NET common language runtime;authorization;code verification;component-based system;data integrity;history-based access control;information-flow security model;stack inspection;unified access-control;Access control;Information security;Inspection;Java;Large-scale systems;Permission;Runtime;Testing},
  doi={10.1109/SP.2007.10},
  ISSN={1081-6011},
  month={May},
  review={cita nos trabalhos relacionados um artigo com o nome do software no título},
  really_refers_to_software={no},
}
