@INPROCEEDINGS{6976020,
  author={S. Arai and K. Sakamoto and H. Washizaki and Y. Fukazawa},
  booktitle={2014 6th International Workshop on Empirical Software Engineering in Practice},
  title={A Gamified Tool for Motivating Developers to Remove Warnings of Bug Pattern Tools},
  year={2014},
  pages={37-42},
  keywords={computer games;program debugging;program diagnostics;software fault tolerance;software tools;bug detection;bug pattern tools;developer motivation;gamification technique;gamified tool;point calculation;software development;static analysis tools;warning removal;Accuracy;Computer bugs;Java;Software;Software engineering;XML;Gamification;bug pattern detection},
  doi={10.1109/IWESEP.2014.17},
  month={Nov},
  review={cita o artigo selecionado na revisão estruturada},
  really_refers_to_software={no},
}

@INPROCEEDINGS{7985704,
  author={J. M. Rojas and T. D. White and B. S. Clegg and G. Fraser},
  booktitle={2017 IEEE/ACM 39th International Conference on Software Engineering (ICSE)},
  title={Code Defenders: Crowdsourcing Effective Tests and Subtle Mutants with a Mutation Testing Game},
  year={2017},
  pages={677-688},
  keywords={Computer bugs;Crowdsourcing;Games;Software;Testing;Tools;Writing;crowdsourcing;gamification;mutation testing;software testing},
  doi={10.1109/ICSE.2017.68},
  month={May},
  review={cita o artigo selecionado na revisão estruturada},
  really_refers_to_software={no},
}

@INPROCEEDINGS{7528958,
  author={J. M. Rojas and G. Fraser},
  booktitle={2016 IEEE Ninth International Conference on Software Testing, Verification and Validation Workshops (ICSTW)},
  title={Code Defenders: A Mutation Testing Game},
  year={2016},
  pages={162-167},
  keywords={program testing;software quality;code defender;fault detection;gamification;mutation testing game;software testing;Conferences;Context;Education;Games;Software;Software testing;Gamification;Mutation testing;Testing education},
  doi={10.1109/ICSTW.2016.43},
  month={April},
  review={cita o artigo selecionado na revisão estruturada},
  really_refers_to_software={no},
}

@INPROCEEDINGS{7873806,
  author={S. Novianto and F. Luo and K. Penantcha},
  booktitle={2016 International Seminar on Application for Technology of Information and Communication (ISemantic)},
  title={Labeling and finding missing pieces of jigsaw puzzle},
  year={2016},
  pages={33-38},
  keywords={image recognition;automatic missing piece detection;brain game;missing piece finding;missing piece labeling;missing piece size;rotation angle;square jigsaw puzzle;Computers;Games;Image color analysis;Image reconstruction;Image segmentation;Labeling;Seminars;Jigsaw Puzzle;Labeling Pieces;Missing Pieces;Pattern Recognition},
  doi={10.1109/ISEMANTIC.2016.7873806},
  month={Aug},
  review={cita o artigo selecionado na revisão estruturada},
  really_refers_to_software={no},
}

@INPROCEEDINGS{7965432,
  author={J. Wang and Q. Cui and S. Wang and Q. Wang},
  booktitle={2017 IEEE/ACM 39th International Conference on Software Engineering: Software Engineering in Practice Track (ICSE-SEIP)},
  title={Domain Adaptation for Test Report Classification in Crowdsourced Testing},
  year={2017},
  pages={83-92},
  keywords={Data models;Feature extraction;Machine learning;Noise reduction;Software;Testing;Training;Crowdsourced testing;deep learning;domain adaptation;test report classification},
  doi={10.1109/ICSE-SEIP.2017.8},
  month={May},
  review={cita o artigo selecionado na revisão estruturada},
  really_refers_to_software={no},
}

@INPROCEEDINGS{6494914,
  author={N. Chen and S. Kim},
  booktitle={2012 Proceedings of the 27th IEEE/ACM International Conference on Automated Software Engineering},
  title={Puzzle-based automatic testing: bringing humans into the loop by solving puzzles},
  year={2012},
  pages={140-149},
  keywords={program testing;public domain software;PAT;Pex;Randoop;automatic test generation techniques;complex constraint solving problems;jCUTE;object mutation problem;open source projects;puzzle-based automatic testing environment;Code Coverage;Human Computation;Testing},
  doi={10.1145/2351676.2351697},
  month={Sept},
  review={mesmo artigo selecionado na revisão estruturada},
  really_refers_to_software={yes},
  reference_weight={1},
}

@INPROCEEDINGS{7582757,
  author={J. Wang and S. Wang and Q. Cui and Q. Wang},
  booktitle={2016 31st IEEE/ACM International Conference on Automated Software Engineering (ASE)},
  title={Local-based active classification of test report to assist crowdsourced testing},
  year={2016},
  pages={190-201},
  keywords={learning (artificial intelligence);program debugging;program testing;LOAF;active learning;crowdsourced testing;local-based active classification;supervised machine learning technique;test report;Feature extraction;Labeling;Manuals;Software;Speech recognition;Testing;Training data;Active Learning;Crowdsourced Testing;Test Report Classification},
  month={Sept},
  review={cita o software como trabalho relacionado},
  really_refers_to_software={yes},
  reference_weight={0},
}

@INPROCEEDINGS{6392096,
  author={T. Xie},
  booktitle={2012 IEEE 12th International Working Conference on Source Code Analysis and Manipulation},
  title={Cooperative Testing and Analysis: Human-Tool, Tool-Tool and Human-Human Cooperations to Get Work Done},
  year={2012},
  pages={1-3},
  keywords={human computer interaction;program testing;software tools;cooperative analysis;cooperative testing;crowdsourcing;feedback loop;human-human cooperation;human-tool cooperation;software analysis;software engineering;software testing;tool automation;tool-tool cooperation;Debugging;Encoding;Humans;Manuals;Software engineering;Software testing;cooperative testing and analysis;crowdsourcing;human-assisted computing;human-centric computing;tool integration},
  doi={10.1109/SCAM.2012.31},
  month={Sept},
  review={cita o artigo selecionado na revisão estruturada},
  really_refers_to_software={no},
}

@INPROCEEDINGS{7962323,
  author={G. Fraser},
  booktitle={2017 IEEE/ACM 12th International Workshop on Automation of Software Testing (AST)},
  title={Gamification of Software Testing},
  year={2017},
  pages={2-7},
  keywords={computer games;computer science education;program debugging;program testing;software quality;complex testing task crowdsourcing;gameplay;program behaviour;programming education;software bugs;software quality improvement;software testing gamification;Education;Games;Programming profession;Software;Software testing},
  doi={10.1109/AST.2017.20},
  month={May},
  review={artigo não encontrado para download, sci-hub.cc saiu do ar},
  really_refers_to_software={?},
}

@INPROCEEDINGS{6615197,
  author={T. Xie},
  booktitle={2013 2nd International Workshop on Realizing Artificial Intelligence Synergies in Software Engineering (RAISE)},
  title={The synergy of human and artificial intelligence in software engineering},
  year={2013},
  pages={4-6},
  keywords={artificial intelligence;software engineering;AI techniques;artificial intelligence;continuous feedback loop;cooperative analysis;cooperative testing;domain knowledge;human efforts;human intelligence;human-assisted computing;human-centric computing;human-human cooperation;human-tool cooperation;software engineering;software-engineering activity;synergy;user feedback;Artificial intelligence;Data mining;Debugging;Feedback loop;Software;Software engineering;Testing},
  doi={10.1109/RAISE.2013.6615197},
  month={May},
  review={cita o artigo selecionado na revisão estruturada},
  really_refers_to_software={no},
}
