@INPROCEEDINGS{614779,
  author={E. Nemer and R. Goubran and S. Mahmoud},
  booktitle={Electrical and Computer Engineering, 1997. Engineering Innovation: Voyage of Discovery. IEEE 1997 Canadian Conference on},
  title={A non-deterministic scheduling and allocation model for mapping algorithms on configurable architectures},
  year={1997},
  volume={1},
  pages={19-22 vol.1},
  keywords={parallel architectures;processor scheduling;reconfigurable architectures;resource allocation;allocation model;allocation problem;branch and bound search method;configurable architectures;mapping algorithms;non deterministic heuristic;non-deterministic scheduling;Business;Computer architecture;Concurrent computing;Costs;Flow graphs;Hardware;Parallel processing;Processor scheduling;Resource management;Scheduling algorithm},
  doi={10.1109/CCECE.1997.614779},
  ISSN={0840-7789},
  month={May},
  review={não faz menção ao nome do software},
  really_refers_to_software={no},
}

@ARTICLE{7517306,
  author={I. J. Chao and B. D. Liu and S. J. Chang and C. Y. Huang and H. W. Ting},
  journal={IEEE Transactions on Very Large Scale Integration (VLSI) Systems},
  title={Analyses of Splittable Amplifier Technique and Cancellation of Memory Effect for Opamp Sharing},
  year={2017},
  volume={25},
  number={2},
  pages={621-634},
  keywords={clocks;operational amplifiers;sample and hold circuits;S/H circuit;memory effect cancellation;opamp sharing;operational amplifier;sample-and-hold circuit;splittable amplifier technique;two-phase clock system;Clocks;MOS devices;Memory management;Parasitic capacitance;Power demand;Switches;Very large scale integration;Memory effect;memory effect cancellation;opamp sharing;splittable amplifier;splittable opamp sharing},
  doi={10.1109/TVLSI.2016.2586184},
  ISSN={1063-8210},
  month={Feb},
  review={o nome do software aparece em fórmulas matemáticas},
  really_refers_to_software={no},
}

@ARTICLE{1133662,
  author={J. P. Mondal},
  journal={IEEE Transactions on Microwave Theory and Techniques},
  title={An Experimental Verification of a Simple Distributed Model of MIM Capacitors for MMIC Applications},
  year={1987},
  volume={35},
  number={4},
  pages={403-408},
  keywords={Capacitance;Dielectric loss measurement;Dielectric losses;Dielectric measurements;Frequency measurement;Loss measurement;MIM capacitors;MMICs;Q factor;Scattering parameters},
  doi={10.1109/TMTT.1987.1133662},
  ISSN={0018-9480},
  month={Apr},
  review={o nome do software aparece em fórmulas matemáticas},
  really_refers_to_software={no},
}

@INPROCEEDINGS{4639306,
  author={D. Beyer and T. A. Henzinger and G. Theoduloz},
  booktitle={2008 23rd IEEE/ACM International Conference on Automated Software Engineering},
  title={Program Analysis with Dynamic Precision Adjustment},
  year={2008},
  pages={29-38},
  keywords={client-server systems;program diagnostics;program verification;client/server software;dynamic precision adjustment;model checking;predicate abstraction;program analysis;Concrete;Costs;Data structures;Failure analysis;Performance analysis;Scholarships;Shape;Software performance;Switches},
  doi={10.1109/ASE.2008.13},
  ISSN={1938-4300},
  month={Sept},
  review={é o mesmo artigo que publicou o software},
  really_refers_to_software={yes},
  mention_type={contribute},
  contribution_weight={1},
  step={study1},
}
