@inproceedings{7372078,
  author = {K. Bajaj and K. Pattabiraman and A. Mesbah},
  booktitle = {2015 30th IEEE/ACM International Conference on Automated Software Engineering (ASE)},
  title = {LED: Tool for Synthesizing Web Element Locators},
  year = {2015},
  pages = {848-851},
  keywords = {Internet;Java;object-oriented methods;program diagnostics;trees (mathematics);DOM element;DOM state;DOM tree element;JavaScript code;LED;Web application;Web developer;Web element locator;automated tool;document object model tree element;Automation;Browsers;Cascading style sheets;Light emitting diodes;Mice;Selenium;Writing;CSS selectors;Element locators;Program synthesis;Programming by example;Web applications},
  doi = {10.1109/ASE.2015.110},
  month = {Nov},
  review = {cita o software como trabalho relacionado},
  really_refers_to_software = {yes},
  contribution_weight = {0.1},
}

@inproceedings{Bajaj:2014:DDJ:2642937.2642981,
  author = {Bajaj, Kartik and Pattabiraman, Karthik and Mesbah, Ali},
  title = {Dompletion: DOM-aware JavaScript Code Completion},
  booktitle = {Proceedings of the 29th ACM/IEEE International Conference on Automated Software Engineering},
  series = {ASE '14},
  year = {2014},
  isbn = {978-1-4503-3013-8},
  location = {Vasteras, Sweden},
  pages = {43--54},
  numpages = {12},
  url = {http://doi.acm.org/10.1145/2642937.2642981},
  doi = {10.1145/2642937.2642981},
  acmid = {2642981},
  publisher = {ACM},
  address = {New York, NY, USA},
  keywords = {code completion, dom, javascript, web applications},
  review = {Ã© o mesmo artigo que publicou o software},
  really_refers_to_software = {no},
}

