@inproceedings{Stievenart:2016:BMS:2998392.3001579,
 author = {Sti{\'e}venart, Quentin and Nicolay, Jens and De Meuter, Wolfgang and De Roover, Coen},
 title = {Building a Modular Static Analysis Framework in Scala (Tool Paper)},
 booktitle = {Proceedings of the 2016 7th ACM SIGPLAN Symposium on Scala},
 series = {SCALA 2016},
 year = {2016},
 isbn = {978-1-4503-4648-1},
 location = {Amsterdam, Netherlands},
 pages = {105--109},
 numpages = {5},
 url = {http://doi.acm.org/10.1145/2998392.3001579},
 doi = {10.1145/2998392.3001579},
 acmid = {3001579},
 publisher = {ACM},
 address = {New York, NY, USA},
 keywords = {Abstract Interpretation, Abstract Machines, Static Analysis},
}

@inproceedings{Vandercammen:2016:ITJ:2998415.2998418,
 author = {Vandercammen, Maarten and De Roover, Coen},
 title = {Improving Trace-based JIT Optimisation Using Whole-program Information},
 booktitle = {Proceedings of the 8th International Workshop on Virtual Machines and Intermediate Languages},
 series = {VMIL 2016},
 year = {2016},
 isbn = {978-1-4503-4645-0},
 location = {Amsterdam, Netherlands},
 pages = {16--23},
 numpages = {8},
 url = {http://doi.acm.org/10.1145/2998415.2998418},
 doi = {10.1145/2998415.2998418},
 acmid = {2998418},
 publisher = {ACM},
 address = {New York, NY, USA},
 keywords = {Hybrid Analysis, Incremental Analysis, JIT Compilation, Static Analysis},
}

