@INPROCEEDINGS{7781801, 
  author={Q. Sti√©venart and M. Vandercammen and W. D. Meuter and C. D. Roover}, 
  booktitle={2016 IEEE 16th International Working Conference on Source Code Analysis and Manipulation (SCAM)}, 
  title={Scala-AM: A Modular Static Analysis Framework}, 
  year={2016}, 
  volume={}, 
  number={}, 
  pages={85-90}, 
  keywords={program compilers;program diagnostics;programming languages;SCALA-AM;abstract machines;abstract values;language designers;machine abstraction;modular static analysis framework;operational semantics;static analysis;systematic abstraction;Active appearance model;Concrete;Lattices;Machinery;Reactive power;Semantics;Systematics;abstract interpretation;framework;static analysis}, 
  doi={10.1109/SCAM.2016.14}, 
  ISSN={}, 
  month={Oct},
}

@INPROCEEDINGS{4790673, 
  author={N. Sadegh and K. Guglielmo}, 
  booktitle={1989 American Control Conference}, 
  title={A New Learning Controller For Mechanical Manipulator}, 
  year={1989}, 
  volume={}, 
  number={}, 
  pages={2827-2833}, 
  keywords={Actuators;Convergence;Error correction;Friction;Manipulator dynamics;Mechanical engineering;Robot sensing systems;Service robots;Tellurium;Torque control}, 
  doi={10.23919/ACC.1989.4790673}, 
  ISSN={}, 
  month={June},
}
