@inproceedings{Moreno:2012:JAI:2351676.2351747,
  author = {Moreno, Laura and Marcus, Andrian},
  title = {JStereoCode: Automatically Identifying Method and Class Stereotypes in Java Code},
  booktitle = {Proceedings of the 27th IEEE/ACM International Conference on Automated Software Engineering},
  series = {ASE 2012},
  year = {2012},
  isbn = {978-1-4503-1204-2},
  location = {Essen, Germany},
  pages = {358--361},
  numpages = {4},
  url = {http://doi.acm.org/10.1145/2351676.2351747},
  doi = {10.1145/2351676.2351747},
  acmid = {2351747},
  publisher = {ACM},
  address = {New York, NY, USA},
  keywords = {Code stereotypes, Java, Program comprehension},
  review = {mesmo artigo selecionado na revisão estruturada},
  really_refers_to_software = {yes},
  contribution_weight = {1},
  step = {structured-review},
  conference = {ASE},
}

@inproceedings{Duffee:2015:DCM:2821491.2821496,
  author = {Duffee, Boyd and Andras, Peter},
  title = {Detecting Communities of Methods Using Dynamic Analysis Data},
  booktitle = {Proceedings of the Sixth International Workshop on Emerging Trends in Software Metrics},
  series = {WETSoM '15},
  year = {2015},
  location = {Florence, Italy},
  pages = {11--20},
  numpages = {10},
  url = {http://dl.acm.org/citation.cfm?id=2821491.2821496},
  acmid = {2821496},
  publisher = {IEEE Press},
  address = {Piscataway, NJ, USA},
  review = {usa o software, cita um artigo sobre o software},
  really_refers_to_software = {yes},
  contribution_weight = {0.25},
}

@inproceedings{7551998,
  author = {J. Shen and X. Sun and B. Li and H. Yang and J. Hu},
  booktitle = {2016 IEEE 40th Annual Computer Software and Applications Conference (COMPSAC)},
  title = {On Automatic Summarization of What and Why Information in Source Code Changes},
  year = {2016},
  volume = {1},
  pages = {103-112},
  keywords = {software maintenance;source code (software);ChangeScribe;automatic summarization;commit messages;software changes;software developer;software maintenance activities;source code changes;Computer bugs;Context;Data mining;Maintenance engineering;Object recognition;Software maintenance;Commit messages;change summarization;code changes},
  doi = {10.1109/COMPSAC.2016.162},
  month = {June},
  review = {usa o software},
  really_refers_to_software = {yes},
  contribution_weight = {0.25},
}

@article{7953505,
  author = {P. W. McBurney and S. Jiang and M. Kessentini and N. A. Kraft and A. Armaly and M. W. Mkaouer and C. McMillan},
  journal = {IEEE Transactions on Software Engineering},
  title = {Towards Prioritizing Documentation Effort},
  year = {2017},
  volume = {PP},
  number = {99},
  pages = {1-1},
  keywords = {Documentation;Gold;Java;Libraries;Neural networks;Programming;Software;code documentation;program comprehension;software maintenance},
  doi = {10.1109/TSE.2017.2716950},
  issn = {0098-5589},
  month = {},
  review = {cita em trabalhos futuros o artigo selecionado na revisão estruturada},
  really_refers_to_software = {yes},
  contribution_weight = {0.1},
}

@inproceedings{6619330,
  author = {P. Andras and A. Pakhira and L. Moreno and A. Marcus},
  booktitle = {2013 4th International Workshop on Emerging Trends in Software Metrics (WETSoM)},
  title = {A measure to assess the behavior of method stereotypes in object-oriented software},
  year = {2013},
  pages = {7-13},
  keywords = {object-oriented programming;software engineering;fan-in method calls;fan-out method calls;method stereotypes;object-oriented software;software systems;Context;Frequency measurement;Java;Software measurement;Software systems;Software design;dynamic analysis;dynamic metric;method stereotypes},
  doi = {10.1109/WETSoM.2013.6619330},
  issn = {2327-0950},
  month = {May},
  review = {usa o software},
  really_refers_to_software = {yes},
  contribution_weight = {0.25},
}

@inproceedings{6613855,
  author = {L. Moreno and A. Marcus and L. Pollock and K. Vijay-Shanker},
  booktitle = {2013 21st International Conference on Program Comprehension (ICPC)},
  title = {JSummarizer: An automatic generator of natural language summaries for Java classes},
  year = {2013},
  pages = {230-232},
  keywords = {Java;natural language processing;Eclipse plug-in;JSummarizer;Java classes;automatic generator;generation techniques;natural language processing;natural language summaries;Conferences;Documentation;Java;Natural languages;Software engineering;Software maintenance;Source code summarization;documentation generation;program comprehension},
  doi = {10.1109/ICPC.2013.6613855},
  issn = {1092-8138},
  month = {May},
  review = {cita o software como exemplo},
  really_refers_to_software = {yes},
  contribution_weight = {0.1},
}

@inproceedings{7884622,
  author = {X. Wang and L. Pollock and K. Vijay-Shanker},
  booktitle = {2017 IEEE 24th International Conference on Software Analysis, Evolution and Reengineering (SANER)},
  title = {Automatically generating natural language descriptions for object-related statement sequences},
  year = {2017},
  pages = {205-216},
  keywords = {public domain software;software maintenance;natural language descriptions;object-related action units;object-related statement sequences;open source projects;software maintenance;Algorithm design and analysis;Java;Natural languages;Object recognition;Software;Software algorithms;Syntactics;abstraction;documentation generation;mining code patterns},
  doi = {10.1109/SANER.2017.7884622},
  month = {Feb},
  review = {cita o artigo selecionado na revisão estruturada},
  really_refers_to_software = {no},
}

@inproceedings{Le:2015:RAL:2820282.2820290,
  author = {Le, Tien-Duy B. and Linares-V\'{a}squez, Mario and Lo, David and Poshyvanyk, Denys},
  title = {RCLinker: Automated Linking of Issue Reports and Commits Leveraging Rich Contextual Information},
  booktitle = {Proceedings of the 2015 IEEE 23rd International Conference on Program Comprehension},
  series = {ICPC '15},
  year = {2015},
  location = {Florence, Italy},
  pages = {36--47},
  numpages = {12},
  url = {http://dl.acm.org/citation.cfm?id=2820282.2820290},
  acmid = {2820290},
  publisher = {IEEE Press},
  address = {Piscataway, NJ, USA},
  review = {cita o artigo selecionado na revisao estruturada},
  really_refers_to_software = {no},
}

@inproceedings{6613830,
  author = {L. Moreno and J. Aponte and G. Sridhara and A. Marcus and L. Pollock and K. Vijay-Shanker},
  booktitle = {2013 21st International Conference on Program Comprehension (ICPC)},
  title = {Automatic generation of natural language summaries for Java classes},
  year = {2013},
  pages = {23-32},
  keywords = {Java;natural language processing;software engineering;system documentation;Java classes;automatic generation;essential information;external documentation;human readable summary;internal documentation;lexicalization tools;natural language summary;software engineering tasks;source code;stereotypes;summarization tool;Context;Documentation;Educational institutions;Java;Natural languages;Production facilities;Taxonomy;Source code summarization;documentation generation;program comprehension},
  doi = {10.1109/ICPC.2013.6613830},
  issn = {1092-8138},
  month = {May},
  review = {autores do software, testa o software},
  really_refers_to_software = {yes},
  contribution_weight = {0.25},
}

@inproceedings{Linares-Vasquez:2015:CTA:2819009.2819144,
  author = {Linares-V\'{a}squez, Mario and Cort{\'e}s-Coy, Luis Fernando and Aponte, Jairo and Poshyvanyk, Denys},
  title = {ChangeScribe: A Tool for Automatically Generating Commit Messages},
  booktitle = {Proceedings of the 37th International Conference on Software Engineering - Volume 2},
  series = {ICSE '15},
  year = {2015},
  location = {Florence, Italy},
  pages = {709--712},
  numpages = {4},
  url = {http://dl.acm.org/citation.cfm?id=2819009.2819144},
  acmid = {2819144},
  publisher = {IEEE Press},
  address = {Piscataway, NJ, USA},
  keywords = {code changes, commit message, summarization},
  review = {publica um software ChangeScribe que usa o software JStereoCode},
  really_refers_to_software = {yes},
  contribution_weight = {0.25},
}

