@INPROCEEDINGS{478126,
  author={W. Hardt},
  booktitle={IEE Colloquium on Partitioning in Hardware-Software Codesigns},
  title={An automated approach to HW/SW-codesign [Hardware/software partitioning]},
  year={1995},
  pages={4/1-411},
  keywords={computer aided software engineering;computer architecture;computer interfaces;formal specification;logic CAD;pipeline processing;real-time systems;software cost estimation;analysis phases;automated approach;benchmarks;cost function;design specification analysis;dynamic aspects;efficiency;embedded system design;explicit designer decisions;hardware/software codesign;hardware/software interface;hardware/software partitioning problem;multiple hardware components;overall time behavior;parameter transfer;partitioning method;pipelined interface;static aspects;target architecture},
  doi={10.1049/ic:19950170},
  month={Feb},
  review={termo AccessAnalysis não encontrado},
  really_refers_to_software={no},
}

@INPROCEEDINGS{6392109,
  author={C. Zoller and A. Schmolitzky},
  booktitle={2012 IEEE 12th International Working Conference on Source Code Analysis and Manipulation},
  title={AccessAnalysis: A Tool for Measuring the Appropriateness of Access Modifiers in Java Systems},
  year={2012},
  pages={120-125},
  keywords={Java;application program interfaces;data encapsulation;program compilers;program diagnostics;user interfaces;AccessAnalysis;Eclipse IDE;IGAM;IGAT;Java AST API;Java DOM API;Java developers;Java systems;class interfaces;inappropriate generosity with accessibility of methods;inappropriate generosity with accessibility of types;information encapsulation;information hiding;minimal access modifiers;plug-in;programming practice;static source code analysis;Abstracts;Approximation methods;Encapsulation;Java;Measurement;Programming;Software engineering},
  doi={10.1109/SCAM.2012.23},
  month={Sept},
  review={este artigo é onde o software foi publicado},
  really_refers_to_software={no},
}

@INPROCEEDINGS{6472565,
  author={C. Zoller and A. Schmolitzky},
  booktitle={2012 Joint Conference of the 22nd International Workshop on Software Measurement and the 2012 Seventh International Conference on Software Process and Product Measurement},
  title={Measuring Inappropriate Generosity with Access Modifiers in Java Systems},
  year={2012},
  pages={43-52},
  keywords={Java;application program interfaces;data encapsulation;object-oriented programming;public domain software;software architecture;software metrics;software packages;software quality;software tools;AccessAnalysis tool;IGAM;IGAT;Java systems;access modifiers;inappropriate generosity with accessibility of methods;inappropriate generosity with accessibility of types;information encapsulation;information hiding;open source Java projects;package interfaces;software architecture;software metrics;software quality degradation;top-level types;Encapsulation;Java;Programming;Software;Software metrics},
  doi={10.1109/IWSM-MENSURA.2012.15},
  month={Oct},
  review={são os mesmos autores do artigo selecionado na revisão estruturada, publicado no mesmo ano 1 mês depois},
  really_refers_to_software={yes},
}
