@INPROCEEDINGS{1267737,
  author={J. A. Moreno Zamora and P. J. Rodriguez Corrales and J. M. Sanchez Perez},
  booktitle={Proceedings. 2003 International Symposium on System-on-Chip (IEEE Cat. No.03EX748)},
  title={Design of a parametrizable low cost Ethernet MAC core for SoC solutions},
  year={2003},
  pages={139-142},
  keywords={IEEE standards;access protocols;integrated circuit design;local area networks;logic design;system-on-chip;10 Mbit/s;100 Mbit/s;10Base-T implementations;Ethernet medium access control;IEEE 802.3;IP core;MAC design;SoC designs;SoC solutions;fast Ethernet;full duplex modes;half duplex modes;intellectual property reuse;master processors interface;parametrizable Ethernet MAC core;system-on-chip design;Bandwidth;Clocks;Costs;Ethernet networks;Field programmable gate arrays;Frequency synchronization;Logic design;Media Access Protocol;Network topology;Physical layer},
  doi={10.1109/ISSOC.2003.1267737},
  month={Nov},
  review={cita o nome do software num contexto não relacionado ao software},
  really_refers_to_software={no},
}

@ARTICLE{4305292,
  author={A. B. J. Teoh and C. T. Yuang},
  journal={IEEE Transactions on Systems, Man, and Cybernetics, Part B (Cybernetics)},
  title={Cancelable Biometrics Realization With Multispace Random Projections},
  year={2007},
  volume={37},
  number={5},
  pages={1096-1106},
  keywords={biometrics (access control);data privacy;random number generation;cancelable biometrics;data privacy;fixed-length feature vector;multispace random projection;user-specific pseudorandom number;Bioinformatics;Biometrics;Decoding;Distortion;Face recognition;Fingerprint recognition;Information science;Iris;Privacy;Testing;Cancelable biometrics;face biometrics;privacy;random projection (RP);Algorithms;Artificial Intelligence;Biometry;Computer Security;Computer Simulation;Data Interpretation, Statistical;Face;Humans;Image Interpretation, Computer-Assisted;Information Storage and Retrieval;Models, Biological;Models, Statistical;Pattern Recognition, Automated;Reproducibility of Results;Sensitivity and Specificity},
  doi={10.1109/TSMCB.2007.903538},
  ISSN={1083-4419},
  month={Oct},
  review={não faz referência ao nome do software},
  really_refers_to_software={no},
}

@INPROCEEDINGS{7372074,
  author={H. Fudaba and Y. Oda and K. Akabe and G. Neubig and H. Hata and S. Sakti and T. Toda and S. Nakamura},
  booktitle={2015 30th IEEE/ACM International Conference on Automated Software Engineering (ASE)},
  title={Pseudogen: A Tool to Automatically Generate Pseudo-Code from Source Code},
  year={2015},
  pages={824-829},
  keywords={language translation;program compilers;source code (software);English language;English pseudocode generation;Japanese pseudocode generation;Pseudogen tool;Python source code;SMT framework;automatic pseudocode generation;programming language;statistical machine translation;Arrays;Computer languages;Generators;Natural languages;Programming;Syntactics;Training;machine translation;natural language;programming language},
  doi={10.1109/ASE.2015.107},
  month={Nov},
  review={mesmo artigo selecionado na revisão estruturada},
  really_refers_to_software={yes},
  contribution_weight={1},
  step={study1},
  conference={ASE},
}

@INPROCEEDINGS{6020915,
  author={M. R. Fida and M. Ali and A. S. Arsalaan},
  booktitle={International Conference on Computer Networks and Information Technology},
  title={DTN-RSim: An event-based routing simulator for DTN},
  year={2011},
  pages={99-104},
  keywords={Java;delays;routing protocols;user interfaces;DTNRSIM simulator;Java;Windows platform;delay-tolerant network;delay-tolerant routing protocol;dynamic disrupted network;end-to-end connectivity;event-based routing simulator;mobile sparse population;route message;routing protocol;static sparse population;Delay;Internet;Routing;Routing protocols;Delay-Tolerant Network;Opportunistic Network Environment (ONE);Routing;Routing simulator},
  doi={10.1109/ICCNIT.2011.6020915},
  ISSN={2223-6317},
  month={July},
  review={cita o nome do software num contexto não relacionado ao software},
  really_refers_to_software={no},
}
