@article{Siegel:2017:CSV:3090064.3090070,
  author = {Siegel, Stephen F.},
  title = {CIVL Solutions to Verifythis 2016 Challenges},
  journal = {ACM SIGLOG News},
  issue_date = {April 2017},
  volume = {4},
  number = {2},
  month = {May},
  year = {2017},
  issn = {2372-3491},
  pages = {55--75},
  numpages = {21},
  url = {http://doi.acm.org/10.1145/3090064.3090070},
  doi = {10.1145/3090064.3090070},
  acmid = {3090070},
  publisher = {ACM},
  address = {New York, NY, USA},
  review = {pelo título parece citar, mas o artigo não foi encontrado para download, vou definir peso 0 equivalente a citacao apenas},
  really_refers_to_software = {yes},
  contribution_weight = {0.1},
}

@inproceedings{7372075,
  author = {M. Zheng and M. S. Rogers and Z. Luo and M. B. Dwyer and S. F. Siegel},
  booktitle = {2015 30th IEEE/ACM International Conference on Automated Software Engineering (ASE)},
  title = {CIVL: Formal Verification of Parallel Programs},
  year = {2015},
  pages = {830-835},
  keywords = {C language;parallel programming;program diagnostics;program verification;C program;CIVL;CUDA;MPI-based 1d-wave simulator;MPI-plus-OpenMP program;Pthread;concurrency intermediate verification language;concurrent program;formal verification;hybrid program;parallel program;static analysis;Concurrent computing;Electronic mail;Government;Graphics processing units;Libraries;Maintenance engineering;Standards;MPI;OpenMP;function equivalence;model checking;parallel programs;software verification;symbolic execution},
  doi = {10.1109/ASE.2015.99},
  month = {Nov},
  review = {é o mesmo artigo que publicou o software},
  really_refers_to_software = {no},
}

@article{Lopez:2015:PVM:2858965.2814302,
  author = {L\'{o}pez, Hugo A. and Marques, Eduardo R. B. and Martins, Francisco and Ng, Nicholas and Santos, C{\'e}sar and Vasconcelos, Vasco Thudichum and Yoshida, Nobuko},
  title = {Protocol-based Verification of Message-passing Parallel Programs},
  journal = {SIGPLAN Not.},
  issue_date = {October 2015},
  volume = {50},
  number = {10},
  month = {October},
  year = {2015},
  issn = {0362-1340},
  pages = {280--298},
  numpages = {19},
  url = {http://doi.acm.org/10.1145/2858965.2814302},
  doi = {10.1145/2858965.2814302},
  acmid = {2814302},
  publisher = {ACM},
  address = {New York, NY, USA},
  keywords = {Dependent types, MPI, Parallel programming, Program verification, Session types},
  review = {cita o software como trabalho relacionado},
  really_refers_to_software = {yes},
  contribution_weight = {0.1},
}

@inproceedings{Siegel:2015:CCI:2807591.2807635,
  author = {Siegel, Stephen F. and Zheng, Manchun and Luo, Ziqing and Zirkel, Timothy K. and Marianiello, Andre V. and Edenhofner, John G. and Dwyer, Matthew B. and Rogers, Michael S.},
  title = {CIVL: The Concurrency Intermediate Verification Language},
  booktitle = {Proceedings of the International Conference for High Performance Computing, Networking, Storage and Analysis},
  series = {SC '15},
  year = {2015},
  isbn = {978-1-4503-3723-6},
  location = {Austin, Texas},
  pages = {61:1--61:12},
  articleno = {61},
  numpages = {12},
  url = {http://doi.acm.org/10.1145/2807591.2807635},
  doi = {10.1145/2807591.2807635},
  acmid = {2807635},
  publisher = {ACM},
  address = {New York, NY, USA},
  keywords = {CUDA, MPI, OpenMP, concurrency, intermediate representation, model checking, parallel programming, program transformation, pthreads, symbolic execution, verification},
  review = {todos os autores do artigo selecionado na revisao estruturada estão na lista de autores aqui, publicado no mesmo mês e ano, apresenta a ferramenta com detalhes},
  really_refers_to_software = {yes},
  contribution_weight = {0.1},
}

@proceedings{Kern:2015:2807591,
  title = {SC '15: Proceedings of the International Conference for High Performance Computing, Networking, Storage and Analysis},
  year = {2015},
  isbn = {978-1-4503-3723-6},
  location = {Austin, Texas},
  note = {533152},
  publisher = {ACM},
  address = {New York, NY, USA},
  review = {artigo não foi encontrado para download, mas pelo titulo parece ser apenas uma compilacao de outros artigos},
  really_refers_to_software = {no},
}

@inproceedings{Jasper:2017:RCW:3092282.3098206,
  author = {Jasper, Marc and Fecke, Maximilian and Steffen, Bernhard and Schordan, Markus and Meijer, Jeroen and Pol, Jaco van de and Howar, Falk and Siegel, Stephen F.},
  title = {The RERS 2017 Challenge and Workshop (Invited Paper)},
  booktitle = {Proceedings of the 24th ACM SIGSOFT International SPIN Symposium on Model Checking of Software},
  series = {SPIN 2017},
  year = {2017},
  isbn = {978-1-4503-5077-8},
  location = {Santa Barbara, CA, USA},
  pages = {11--20},
  numpages = {10},
  url = {http://doi.acm.org/10.1145/3092282.3098206},
  doi = {10.1145/3092282.3098206},
  acmid = {3098206},
  publisher = {ACM},
  address = {New York, NY, USA},
  keywords = {benchmark generation, modal transition systems, model checking, property-preservation, race analysis, temporal logic, verification},
  review = {cita o software como exemplo de abordagem para 'data race detection' em programas C/OpenMP'},
  really_refers_to_software = {yes},
  contribution_weight = {0.1},
}

@inproceedings{Gopalakrishnan:2015:AFP:2753524.2753531,
  author = {Gopalakrishnan, Ganesh and Sawaya, Jeffrey},
  title = {Achieving Formal Parallel Program Debugging by Incentivizing CS/HPC Collaborative Tool Development},
  booktitle = {Proceedings of the 1st Workshop on The Science of Cyberinfrastructure: Research, Experience, Applications and Models},
  series = {SCREAM '15},
  year = {2015},
  isbn = {978-1-4503-3566-9},
  location = {Portland, Oregon, USA},
  pages = {11--18},
  numpages = {8},
  url = {http://doi.acm.org/10.1145/2753524.2753531},
  doi = {10.1145/2753524.2753531},
  acmid = {2753531},
  publisher = {ACM},
  address = {New York, NY, USA},
  keywords = {concurrent program debugging, heterogeneous concurrency, test coverage},
  review = {cita o software como um recente esforço da área 'modeling multiple interacting concurrency models'},
  really_refers_to_software = {yes},
  contribution_weight = {0.1},
}

