@inproceedings{Volanschi:2006:CPC:1140335.1140363,
  author = {Volanschi, Nic},
  title = {Condate: A Proto-language at the Confluence Between Checking and Compiling},
  booktitle = {Proceedings of the 8th ACM SIGPLAN International Conference on Principles and Practice of Declarative Programming},
  series = {PPDP '06},
  year = {2006},
  isbn = {1-59593-388-3},
  location = {Venice, Italy},
  pages = {225--236},
  numpages = {12},
  url = {http://doi.acm.org/10.1145/1140335.1140363},
  doi = {10.1145/1140335.1140363},
  acmid = {1140363},
  publisher = {ACM},
  address = {New York, NY, USA},
  keywords = {compilers, customization, declarative languages, program checking},
  review={teste e avalia o software, formaliza a definição da linguagem declarativa usada no software, mesmo autor},
  really_refers_to_software={yes},
  mention_type={contribute},
  contribution_weight={1},
}

@inproceedings{Volanschi:2008:UPE:1328408.1328425,
  author = {Volanschi, Nic and Rinderknecht, Christian},
  title = {Unparsed Patterns: Easy User-extensibility of Program Manipulation Tools},
  booktitle = {Proceedings of the 2008 ACM SIGPLAN Symposium on Partial Evaluation and Semantics-based Program Manipulation},
  series = {PEPM '08},
  year = {2008},
  isbn = {978-1-59593-977-7},
  location = {San Francisco, California, USA},
  pages = {111--121},
  numpages = {11},
  url = {http://doi.acm.org/10.1145/1328408.1328425},
  doi = {10.1145/1328408.1328425},
  acmid = {1328425},
  publisher = {ACM},
  address = {New York, NY, USA},
  keywords = {pattern matching, source code, unparsed patterns},
  review={implementou melhoria a 'unparsed patterns' no software, cita o software nas referencias, informa site do projeto},
  really_refers_to_software={yes},
  mention_type={contribute},
}
