@INPROCEEDINGS{1639722,
  author={D. Quinlan and M. Schordan and R. Vuduc and Qing Yi},
  booktitle={Proceedings 20th IEEE International Parallel Distributed Processing Symposium},
  title={Annotating user-defined abstractions for optimization},
  year={2006},
  pages={8 pp.-},
  keywords={computational linguistics;data flow analysis;optimising compilers;compiler optimization;conventional compiler;data layout transformation;memorization;relevant semantic information;reordering;user-defined abstraction;Computer languages;Computer science;Containers;Costs;Design optimization;Laboratories;Optimizing compilers;Profitability;Scientific computing;US Department of Energy},
  doi={10.1109/IPDPS.2006.1639722},
  ISSN={1530-2075},
  month={April},
  review={cita o software como trabalho relacionado},
  really_refers_to_software={yes},
  mention_type={cite},
}

@INPROCEEDINGS{7781811,
  author={G. Antal and D. Havas and I. Siket and Á. Beszédes and R. Ferenc and J. Mihalicza},
  booktitle={2016 IEEE 16th International Working Conference on Source Code Analysis and Manipulation (SCAM)},
  title={Transforming C++11 Code to C++03 to Support Legacy Compilation Environments},
  year={2016},
  pages={177-186},
  keywords={C++ language;DP industry;public domain software;software libraries;software maintenance;source code (software);C++ language editions;C++ programming language;C++11 code;SDK;automatic source code backporting;functionally equivalent C++03 code;language features;legacy compilation environments;libraries;open-source systems;software vendor;source code transformation;transformation engines;C++ languages;Engines;Libraries;Open source software;Production;Standards;C++;language backporting;legacy systems;source code transformation},
  doi={10.1109/SCAM.2016.11},
  month={Oct},
  review={cita um artigo com o nome do software no título},
  really_refers_to_software={no},
}

@INPROCEEDINGS{4228365,
  author={Q. Yi and K. Seymour and H. You and R. Vuduc and D. Quinlan},
  booktitle={2007 IEEE International Parallel and Distributed Processing Symposium},
  title={POET: Parameterized Optimizations for Empirical Tuning},
  year={2007},
  pages={1-8},
  keywords={authoring languages;optimising compilers;program control structures;program diagnostics;POET embedded scripting language;code transformation;compiler-based source-code optimizer;empirical tuning system;linear algebra kernel;parameterized loop optimization;program analysis;static analysis;Application software;Kernel;Laboratories;Libraries;Linear algebra;Optimizing compilers;Performance analysis;Performance evaluation;Predictive models;Program processors},
  doi={10.1109/IPDPS.2007.370637},
  ISSN={1530-2075},
  month={March},
  review={apenas cita o artigo que publicou o software},
  really_refers_to_software={no},
}

@INPROCEEDINGS{1238032,
  author={O. S. Bagge and K. T. Kalleberg and M. Haveraaen and E. Visser},
  booktitle={Proceedings Third IEEE International Workshop on Source Code Analysis and Manipulation},
  title={Design of the CodeBoost transformation system for domain-specific optimisation of C++ programs},
  year={2003},
  pages={65-74},
  keywords={C++ language;optimising compilers;software tools;C++ program optimisation;CodeBoost transformation framework;Sophus code;Stratego program transformation language;abstract coding style;domain-specific optimization;parsing;program compiler;semantic analysis;source-to-source transformation tool;totem annotation;user-defined rewrite rules;Bridges;Design optimization;Informatics;Optimizing compilers;Performance analysis;Productivity;Runtime;Software engineering;Software libraries;Software performance},
  doi={10.1109/SCAM.2003.1238032},
  month={Sept},
  review={é o mesmo artigo que publicou o software},
  really_refers_to_software={yes},
  mention_type={contribute},
  contribution_weight={1},
  step={study1},
}

@INPROCEEDINGS{1238025,
  booktitle={Proceedings Third IEEE International Workshop on Source Code Analysis and Manipulation},
  title={Proceedings Third IEEE International Workshop on Source Code Analysis and Manipulation},
  year={2003},
  pages={},
  keywords={object-oriented programming;program compilers;program diagnostics;software tools;CodeBoost transformation system;dependence graph;dynamic partitioning techniques;object oriented code;online cycle detection;parse tree annotation;pointer analysis;power law distribution;program profile checking;program transformations;redundant code detection;software tools;source code analysis;static analysis;static slicing;Object oriented programming;Program compilers;Software fault diagnosis;Software tools},
  doi={10.1109/SCAM.2003.1238025},
  month={Sept},
  review={é apenas um índice com nomes de artigos do workwhop SCAM 2003},
  really_refers_to_software={no},
}

@INPROCEEDINGS{5279923,
  author={V. David and M. Haveraaen},
  booktitle={2009 Ninth IEEE International Working Conference on Source Code Analysis and Manipulation},
  title={Concepts as Syntactic Sugar},
  year={2009},
  pages={147-156},
  keywords={C++ language;program compilers;C++03;ConceptC++ code;ConceptC++ compiler;code translation tool;Code standards;Computer architecture;Concrete;Dynamic programming;Object oriented programming;Software libraries;Software tools;Writing},
  doi={10.1109/SCAM.2009.26},
  month={Sept},
  review={apenas cita o artigo que publicou o software},
  really_refers_to_software={no},
}

@INPROCEEDINGS{1541162,
  author={M. Schordan and D. Quinlan},
  booktitle={Fifth IEEE International Workshop on Source Code Analysis and Manipulation (SCAM'05)},
  title={Specifying transformation sequences as computation on program fragments with an abstract attribute grammar},
  year={2005},
  pages={97-106},
  keywords={C++ language;attribute grammars;formal specification;graph grammars;object-oriented programming;programming language semantics;C+ + programs;ROSE;abstract attribute grammar;data flow analysis;fixed point algorithms;object-oriented design;pattern based restructuring;program representation;source-to-source infrastructure;transformation sequence specification;Algorithm design and analysis;Computer languages;Conferences;Data analysis;Laboratories;Large-scale systems;Libraries;Optimizing compilers;Scientific computing},
  doi={10.1109/SCAM.2005.23},
  month={Sept},
  review={cita o software como trabalho relacionado},
  really_refers_to_software={yes},
  mention_type={cite},
}

@INPROCEEDINGS{6113791,
  author={K. J. Brown and A. K. Sujeeth and H. J. Lee and T. Rompf and H. Chafi and M. Odersky and K. Olukotun},
  booktitle={2011 International Conference on Parallel Architectures and Compilation Techniques},
  title={A Heterogeneous Parallel Framework for Domain-Specific Languages},
  year={2011},
  pages={89-100},
  keywords={C++ language;learning (artificial intelligence);parallel processing;program compilers;C++ language;Delite compiler framework;Matlab;OptiML;domain-specific language;execution graph;heterogeneous parallel framework;high performance parallel code;high-level abstraction;machine learning application;parallelism;programmer productivity;runtime application;single-threaded performance;DSL;Hardware;Optimization;Parallel processing;Performance evaluation;Programming;Runtime;computer languages;multicore processing;parallel programming},
  doi={10.1109/PACT.2011.15},
  ISSN={1089-795X},
  month={Oct},
  review={cita o software como trabalho relacionado},
  really_refers_to_software={yes},
  mention_type={cite},
}

@INPROCEEDINGS{1541153,
  author={E. Visser},
  booktitle={Fifth IEEE International Workshop on Source Code Analysis and Manipulation (SCAM'05)},
  title={Transformations for abstractions},
  year={2005},
  pages={3-12},
  keywords={program compilers;programming environments;Stratego;program transformations;programming environments;transformation language;Application software;Control systems;Documentation;Domain specific languages;Java;Knowledge based systems;Optimizing compilers;Program processors;Programming environments;Programming profession},
  doi={10.1109/SCAM.2005.26},
  month={Sept},
  review={cita o software na introdução fazendo referência ao artigo selecionado na revisão estruturada, o autor aqui é um dos autores},
  really_refers_to_software={yes},
  mention_type={cite},
}
