@INPROCEEDINGS{5431710,
  author={D. Kroening and N. Sharygina and S. Tonetta and A. Tsitovich and C. M. Wintersteiger},
  booktitle={2009 IEEE/ACM International Conference on Automated Software Engineering},
  title={Loopfrog: A Static Analyzer for ANSI-C Programs},
  year={2009},
  pages={668-670},
  keywords={formal verification;program diagnostics;ANSI-C program;Loopfrog;abstract interpretation performance;model checking precision;software verification;state space explosion problem;static analyzer;Approximation algorithms;Art;Explosions;Iterative algorithms;Iterative methods;Laboratories;Performance analysis;Software engineering;State-space methods;Transformers},
  doi={10.1109/ASE.2009.35},
  ISSN={1938-4300},
  month={Nov},
  review={mesmo artigo selecionado na revisão estruturada},
  really_refers_to_software={yes},
  contribution_weight={1},
  step={study1},
  conference={ASE},
}

@INPROCEEDINGS{6679413,
  author={D. Larraz and A. Oliveras and E. Rodríguez-Carbonell and A. Rubio},
  booktitle={2013 Formal Methods in Computer-Aided Design},
  title={Proving termination of imperative programs using Max-SMT},
  year={2013},
  pages={218-225},
  keywords={computability;constraint handling;optimisation;theorem proving;constraint-based program termination proving;imperative programs;max-SMT optimization problem;quasiranking functions;termination analysis;termination argument;trace partitioning;Buildings;Computer bugs;Generators;Optimization;Pressing;Prototypes;Software},
  doi={10.1109/FMCAD.2013.6679413},
  month={Oct},
  review={testou o software como candidado para o estudo mas não gostou dos resultados e preferiu outra solução},
  really_refers_to_software={yes},
  contribution_weight={0.25},
}

@ARTICLE{6547866,
  author={E. Larson},
  journal={IET Software},
  title={Program analysis too loopy? Set the loops aside},
  year={2013},
  volume={7},
  number={3},
  pages={131-149},
  doi={10.1049/iet-sen.2012.0048},
  ISSN={1751-8806},
  month={June},
  review={cita o software como trabalho relacionado},
  really_refers_to_software={yes},
  contribution_weight={0.1},
}
