@inproceedings{DBLP:conf/kbse/RamonCM10,
  author    = {{\'{O}}scar S{\'{a}}nchez Ram{\'{o}}n and
               Jes{\'{u}}s S{\'{a}}nchez Cuadrado and
               Jes{\'{u}}s Garc{\'{\i}}a Molina},
  title     = {Model-driven reverse engineering of legacy graphical user interfaces},
  booktitle = {{ASE} 2010, 25th {IEEE/ACM} International Conference on Automated
               Software Engineering, Antwerp, Belgium, September 20-24, 2010},
  pages     = {147--150},
  year      = {2010},
  crossref  = {DBLP:conf/kbse/2010},
  url       = {http://doi.acm.org/10.1145/1858996.1859023},
  doi       = {10.1145/1858996.1859023},
  timestamp = {Sun, 04 Jun 2017 10:04:51 +0200},
  biburl    = {http://dblp.uni-trier.de/rec/bib/conf/kbse/RamonCM10},
  bibsource = {dblp computer science bibliography, http://dblp.org},
}
