@inproceedings{Mbipom:2011:IWA:2049536.2049564,
  author = {Mbipom, Grace and Harper, Simon},
  title = {The Interplay Between Web Aesthetics and Accessibility},
  booktitle = {The Proceedings of the 13th International ACM SIGACCESS Conference on Computers and Accessibility},
  series = {ASSETS '11},
  year = {2011},
  isbn = {978-1-4503-0920-2},
  location = {Dundee, Scotland, UK},
  pages = {147--154},
  numpages = {8},
  url = {http://doi.acm.org/10.1145/2049536.2049564},
  doi = {10.1145/2049536.2049564},
  acmid = {2049564},
  publisher = {ACM},
  address = {New York, NY, USA},
  keywords = {user experience, visual aesthetics, web accessibility},
  review = {cita o nome do software em outro contexto, faz referencia ao serviço web www.gumtree.com},
  really_refers_to_software = {no},
}

@inproceedings{Falleri:2014:FAS:2642937.2642982,
  author = {Falleri, Jean-R{\'e}my and Morandat, Flor{\'e}al and Blanc, Xavier and Martinez, Matias and Monperrus, Martin},
  title = {Fine-grained and Accurate Source Code Differencing},
  booktitle = {Proceedings of the 29th ACM/IEEE International Conference on Automated Software Engineering},
  series = {ASE '14},
  year = {2014},
  isbn = {978-1-4503-3013-8},
  location = {Vasteras, Sweden},
  pages = {313--324},
  numpages = {12},
  url = {http://doi.acm.org/10.1145/2642937.2642982},
  doi = {10.1145/2642937.2642982},
  acmid = {2642982},
  publisher = {ACM},
  address = {New York, NY, USA},
  keywords = {ast, program comprehension, software evolution, tree differencing},
  review = {é o mesmo artigo que publicou o software},
  really_refers_to_software = {no},
}

@inproceedings{Kreutzer:2016:ACC:2901739.2901749,
  author = {Kreutzer, Patrick and Dotzler, Georg and Ring, Matthias and Eskofier, Bjoern M. and Philippsen, Michael},
  title = {Automatic Clustering of Code Changes},
  booktitle = {Proceedings of the 13th International Conference on Mining Software Repositories},
  series = {MSR '16},
  year = {2016},
  isbn = {978-1-4503-4186-8},
  location = {Austin, Texas},
  pages = {61--72},
  numpages = {12},
  url = {http://doi.acm.org/10.1145/2901739.2901749},
  doi = {10.1145/2901739.2901749},
  acmid = {2901749},
  publisher = {ACM},
  address = {New York, NY, USA},
  keywords = {clustering, code changes, software repositories},
  review = {cita o software na seção de limitações como exemplo de implementação de algoritmo de diferenciação em árvore a ser avaliado},
  really_refers_to_software = {yes},
  contribution_weight = {0.1},
}

@inproceedings{7057888,
  author = {V. Chan and T. H. Wu and G. Pang},
  booktitle = {2015 International Conference on Information Networking (ICOIN)},
  title = {Design intelligence of web application for Internet direct consumer-to-consumer trading},
  year = {2015},
  pages = {233-237},
  keywords = {Internet;data mining;database management systems;pricing;recommender systems;retail data processing;search problems;Internet direct consumer-to-consumer trading;data mining techniques;database tables;design intelligence;hybrid neighborhood search algorithm;item recommendation;online Web application;product recommendation;sale item pricing;student-trade Web application;university students;Artificial neural networks;Communities;Data mining;Decision support systems;Educational institutions;Internet;Recommender systems;artificial neural network;data mining;decision making;online trading;recommender systems;used goods},
  doi = {10.1109/ICOIN.2015.7057888},
  issn = {1550-445X},
  month = {Jan},
  review = {cita o nome do software em outro contexto, faz referencia ao serviço web www.gumtree.com},
  really_refers_to_software = {no},
}

@inproceedings{Vyas:2016:SOH:2818048.2819937,
  author = {Vyas, Dhaval and Snow, Stephen and Roe, Paul and Brereton, Margot},
  title = {Social Organization of Household Finance: Understanding Artful Financial Systems in the Home},
  booktitle = {Proceedings of the 19th ACM Conference on Computer-Supported Cooperative Work \& Social Computing},
  series = {CSCW '16},
  year = {2016},
  isbn = {978-1-4503-3592-8},
  location = {San Francisco, California, USA},
  pages = {1777--1789},
  numpages = {13},
  url = {http://doi.acm.org/10.1145/2818048.2819937},
  doi = {10.1145/2818048.2819937},
  acmid = {2819937},
  publisher = {ACM},
  address = {New York, NY, USA},
  keywords = {CSCW, Design, Ethnography, Family, Finance},
  review = {artigo não encontrado para download},
  really_refers_to_software = {?},
}

@inproceedings{7884619,
  author = {R. Stevens and C. De Roover},
  booktitle = {2017 IEEE 24th International Conference on Software Analysis, Evolution and Reengineering (SANER)},
  title = {Extracting executable transformations from distilled code changes},
  year = {2017},
  pages = {171-181},
  keywords = {software maintenance;software tools;source code (software);MSR;change distilling;distilled code changes;executable transformation extraction;mining software repositories;open-source histories;software evolution;source code evolution;Concrete;Data mining;Database languages;History;Navigation;Software;Transforms},
  doi = {10.1109/SANER.2017.7884619},
  month = {Feb},
  review = {cita o software como trabalho relacionado},
  really_refers_to_software = {yes},
  contribution_weight = {0.1},
}

@inproceedings{Nguyen:2016:ACR:2950290.2950333,
  author = {Nguyen, Anh Tuan and Hilton, Michael and Codoban, Mihai and Nguyen, Hoan Anh and Mast, Lily and Rademacher, Eli and Nguyen, Tien N. and Dig, Danny},
  title = {API Code Recommendation Using Statistical Learning from Fine-grained Changes},
  booktitle = {Proceedings of the 2016 24th ACM SIGSOFT International Symposium on Foundations of Software Engineering},
  series = {FSE 2016},
  year = {2016},
  isbn = {978-1-4503-4218-6},
  location = {Seattle, WA, USA},
  pages = {511--522},
  numpages = {12},
  url = {http://doi.acm.org/10.1145/2950290.2950333},
  doi = {10.1145/2950290.2950333},
  acmid = {2950333},
  publisher = {ACM},
  address = {New York, NY, USA},
  keywords = {API Recommendation, Fine-grained Code Changes, Statistical Learning},
  review = {usa o software para coleta/análise de dados},
  really_refers_to_software = {yes},
  contribution_weight = {0.25},
}

@inproceedings{Tan:2017:CPC:3098344.3098405,
  author = {Tan, Shin Hwei and Yi, Jooyong and Yulis and Mechtaev, Sergey and Roychoudhury, Abhik},
  title = {Codeflaws: A Programming Competition Benchmark for Evaluating Automated Program Repair Tools},
  booktitle = {Proceedings of the 39th International Conference on Software Engineering Companion},
  series = {ICSE-C '17},
  year = {2017},
  isbn = {978-1-5386-1589-8},
  location = {Buenos Aires, Argentina},
  pages = {180--182},
  numpages = {3},
  url = {https://doi.org/10.1109/ICSE-C.2017.76},
  doi = {10.1109/ICSE-C.2017.76},
  acmid = {3098405},
  publisher = {IEEE Press},
  address = {Piscataway, NJ, USA},
  keywords = {automated program repair, benchmark, defect classes, empirical evaluation},
  review = {modifica o software e usa para coleta de dados, não informa se enviou de volta as contribuições},
  really_refers_to_software = {yes},
  contribution_weight = {0.5},
}

@inproceedings{7372017,
  author = {K. Zimmerman and C. R. Rupakheti},
  booktitle = {2015 30th IEEE/ACM International Conference on Automated Software Engineering (ASE)},
  title = {An Automated Framework for Recommending Program Elements to Novices (N)},
  year = {2015},
  pages = {283-288},
  keywords = {Java;graph theory;pattern matching;programming;recommender systems;source code (software);Eclipse IDE;Java;automated framework;code analysis;graph comparison technique;graph matching;novice programmer;partially-written code;programmer productivity;programming;recommendation system;recommending program element;source code edit;teaching aide;tree edit algorithm;Algorithm design and analysis;Java;Knowledge based systems;Programming;Software engineering;Target recognition;Transforms;Recommendation Framework;pq-Gram Algorithm},
  doi = {10.1109/ASE.2015.54},
  month = {Nov},
  review = {cita o software como trabalho relacionado},
  really_refers_to_software = {yes},
  contribution_weight = {0.1},
}

@inproceedings{Koyuncu:2017:ITS:3092703.3092713,
  author = {Koyuncu, Anil and Bissyand{\'e}, Tegawend{\'e} F. and Kim, Dongsun and Klein, Jacques and Monperrus, Martin and Le Traon, Yves},
  title = {Impact of Tool Support in Patch Construction},
  booktitle = {Proceedings of the 26th ACM SIGSOFT International Symposium on Software Testing and Analysis},
  series = {ISSTA 2017},
  year = {2017},
  isbn = {978-1-4503-5076-1},
  location = {Santa Barbara, CA, USA},
  pages = {237--248},
  numpages = {12},
  url = {http://doi.acm.org/10.1145/3092703.3092713},
  doi = {10.1145/3092703.3092713},
  acmid = {3092713},
  publisher = {ACM},
  address = {New York, NY, USA},
  keywords = {Automation, Debugging, Empirical, Linux, Patch, Repair, Tools},
  review = {usa o software para coleta/análise de dados},
  really_refers_to_software = {yes},
  contribution_weight = {0.25},
}

@inproceedings{Ahmed:2016:TEM:2950290.2950324,
  author = {Ahmed, Iftekhar and Gopinath, Rahul and Brindescu, Caius and Groce, Alex and Jensen, Carlos},
  title = {Can Testedness Be Effectively Measured?},
  booktitle = {Proceedings of the 2016 24th ACM SIGSOFT International Symposium on Foundations of Software Engineering},
  series = {FSE 2016},
  year = {2016},
  isbn = {978-1-4503-4218-6},
  location = {Seattle, WA, USA},
  pages = {547--558},
  numpages = {12},
  url = {http://doi.acm.org/10.1145/2950290.2950324},
  doi = {10.1145/2950290.2950324},
  acmid = {2950324},
  publisher = {ACM},
  address = {New York, NY, USA},
  keywords = {coverage criteria, mutation testing, statistical analysis, test suite evaluation},
  review = {usa o software para coleta/análise de dados},
  really_refers_to_software = {yes},
  contribution_weight = {0.25},
}

@inproceedings{Le:2017:SSS:3106237.3106309,
  author = {Le, Xuan-Bach D. and Chu, Duc-Hiep and Lo, David and Le Goues, Claire and Visser, Willem},
  title = {S3: Syntax- and Semantic-guided Repair Synthesis via Programming by Examples},
  booktitle = {Proceedings of the 2017 11th Joint Meeting on Foundations of Software Engineering},
  series = {ESEC/FSE 2017},
  year = {2017},
  isbn = {978-1-4503-5105-8},
  location = {Paderborn, Germany},
  pages = {593--604},
  numpages = {12},
  url = {http://doi.acm.org/10.1145/3106237.3106309},
  doi = {10.1145/3106237.3106309},
  acmid = {3106309},
  publisher = {ACM},
  address = {New York, NY, USA},
  keywords = {Inductive Synthesis, Program Repair, Programming by Examples, Symbolic Execution},
  review = {usa o software para coleta/análise de dados},
  really_refers_to_software = {yes},
  contribution_weight = {0.25},
}

@inproceedings{Twaroch:2008:AVG:1367798.1367808,
  author = {Twaroch, Florian A. and Jones, Christopher B. and Abdelmoty, Alia I.},
  title = {Acquisition of a Vernacular Gazetteer from Web Sources},
  booktitle = {Proceedings of the First International Workshop on Location and the Web},
  series = {LOCWEB '08},
  year = {2008},
  isbn = {978-1-60558-160-6},
  location = {Beijing, China},
  pages = {61--64},
  numpages = {4},
  url = {http://doi.acm.org/10.1145/1367798.1367808},
  doi = {10.1145/1367798.1367808},
  acmid = {1367808},
  publisher = {ACM},
  address = {New York, NY, USA},
  keywords = {geographic information retrieval, vernacular geography, web mining},
  review = {cita o nome do software em outro contexto, faz referencia ao serviço web www.gumtree.com},
  really_refers_to_software = {no},
}

@article{7725255,
  author = {C. Andrews},
  journal = {Engineering Technology},
  title = {BBC micro: bit a little bit too late? [IT Education]},
  year = {2016},
  volume = {11},
  number = {4},
  pages = {30-33},
  doi = {10.1049/et.2016.0400},
  issn = {1750-9637},
  month = {May},
  review = {cita o nome do software num contexto não relacionado ao software},
  really_refers_to_software = {no},
}

@inproceedings{7476644,
  author = {X. B. D. Le and D. Lo and C. L. Goues},
  booktitle = {2016 IEEE 23rd International Conference on Software Analysis, Evolution, and Reengineering (SANER)},
  title = {History Driven Program Repair},
  year = {2016},
  volume = {1},
  pages = {213-224},
  keywords = {Java;data mining;mathematical operators;program debugging;program testing;random processes;search problems;software maintenance;APR techniques;Java programs;automated program repair techniques;bug fix pattern mining;buggy program;fix candidates;history driven program repair;multicore cloud environment;mutation operators;random search process;Computer bugs;Data mining;History;Java;Maintenance engineering;Software;Testing;Automated Program Repair;Graph Mining;Mutation Testing},
  doi = {10.1109/SANER.2016.76},
  month = {March},
  review = {usa o software para coleta/análise de dados},
  really_refers_to_software = {yes},
  contribution_weight = {0.25},
}

@inproceedings{Dotzler:2016:MSC:2970276.2970315,
  author = {Dotzler, Georg and Philippsen, Michael},
  title = {Move-optimized Source Code Tree Differencing},
  booktitle = {Proceedings of the 31st IEEE/ACM International Conference on Automated Software Engineering},
  series = {ASE 2016},
  year = {2016},
  isbn = {978-1-4503-3845-5},
  location = {Singapore, Singapore},
  pages = {660--671},
  numpages = {12},
  url = {http://doi.acm.org/10.1145/2970276.2970315},
  doi = {10.1145/2970276.2970315},
  acmid = {2970315},
  publisher = {ACM},
  address = {New York, NY, USA},
  keywords = {Optimizations, Source Code, Tree Differencing},
  review = {apresenta 5 técnicas de otimização para exibir diferenças entre códigos, estes algoritmos são implementados em ferramentas distintas, GumTree incluido, avalia e compara os resultados, código disponível em https://github.com/FAU-Inf2/treedifferencing},
  really_refers_to_software = {yes},
  contribution_weight = {0.25},
}

@inproceedings{Snow:2015:FCM:2838739.2838746,
  author = {Snow, Stephen and Vyas, Dhaval},
  title = {Fostering Collaboration in the Management of Family Finances},
  booktitle = {Proceedings of the Annual Meeting of the Australian Special Interest Group for Computer Human Interaction},
  series = {OzCHI '15},
  year = {2015},
  isbn = {978-1-4503-3673-4},
  location = {Parkville, VIC, Australia},
  pages = {380--387},
  numpages = {8},
  url = {http://doi.acm.org/10.1145/2838739.2838746},
  doi = {10.1145/2838739.2838746},
  acmid = {2838746},
  publisher = {ACM},
  address = {New York, NY, USA},
  keywords = {Family, budget, collaborate, finance, home},
  review = {cita o nome do software num contexto não relacionado ao software},
  really_refers_to_software = {no},
}

@inproceedings{5975453,
  author = {L. D. Riek and P. Robinson},
  booktitle = {2011 IEEE International Conference on Rehabilitation Robotics},
  title = {Using robots to help people habituate to visible disabilities},
  year = {2011},
  pages = {1-8},
  keywords = {biomechanics;electromyography;handicapped aids;medical disorders;medical robotics;prosthetics;EMG measurement;android robot degree-of-freedom;facial movement disorder;head movement disorder;human-human social facilitators;interability communication;visible disability;Atmospheric measurements;Interviews;Muscles;Particle measurements;Robot sensing systems;Videos;Adolescent;Adult;Aged;Disabled Persons;Electromyography;Female;Humans;Male;Middle Aged;Robotics;Young Adult},
  doi = {10.1109/ICORR.2011.5975453},
  issn = {1945-7898},
  month = {June},
  review = {cita o nome do software num contexto não relacionado ao software},
  really_refers_to_software = {no},
}

@inproceedings{7081814,
  author = {N. Palix and J. R. Falleri and J. Lawall},
  booktitle = {2015 IEEE 22nd International Conference on Software Analysis, Evolution, and Reengineering (SANER)},
  title = {Improving pattern tracking with a language-aware tree differencing algorithm},
  year = {2015},
  pages = {43-52},
  keywords = {program debugging;software maintenance;source code (software);trees (mathematics);GNU Diff;GumTree;Herodotos;code differencing algorithm;code fragment tracking;language-aware tree differencing algorithm;longest common subsequence;pattern tracking;software project monitoring;tree-matching;Correlation;Kernel;Linux;Manuals;Vegetation;XML;code metrics;code tracking;tree-matching},
  doi = {10.1109/SANER.2015.7081814},
  issn = {1534-5351},
  month = {March},
  review = {cita o software como um trabalho anterior, apresenta como integrou o software com o software Herodotos, extente o software para tratar código C},
  really_refers_to_softwar = {yes},
}

@inproceedings{Yi:2017:FSU:3106237.3106262,
  author = {Yi, Jooyong and Ahmed, Umair Z. and Karkare, Amey and Tan, Shin Hwei and Roychoudhury, Abhik},
  title = {A Feasibility Study of Using Automated Program Repair for Introductory Programming Assignments},
  booktitle = {Proceedings of the 2017 11th Joint Meeting on Foundations of Software Engineering},
  series = {ESEC/FSE 2017},
  year = {2017},
  isbn = {978-1-4503-5105-8},
  location = {Paderborn, Germany},
  pages = {740--751},
  numpages = {12},
  url = {http://doi.acm.org/10.1145/3106237.3106262},
  doi = {10.1145/3106237.3106262},
  acmid = {3106262},
  publisher = {ACM},
  address = {New York, NY, USA},
  keywords = {Automated Program Repair, Intelligent Tutoring System},
  review = {usa o software contra uma versao modificada pelos autores deste artigo do mesmo software, disponibiliza em https://github.com/jyi/ITSP},
  really_refers_to_software = {yes},
  contribution_weight = {0.25},
}

@article{7723818,
  author = {p. rempel and P. Mader},
  journal = {IEEE Transactions on Software Engineering},
  title = {Preventing Defects: The Impact of Requirements Traceability Completeness on Software Quality},
  year = {2017},
  volume = {PP},
  number = {99},
  pages = {1-1},
  keywords = {Context;Software engineering;Software quality;Software systems;Stakeholders;Standards;bugs;change impact analysis;defects;empirical validation;error proneness;regression analysis;requirements satisfaction analysis;requirements traceability;software quality;source code justification analysis;traceability completeness;traceability metrics},
  doi = {10.1109/TSE.2016.2622264},
  issn = {0098-5589},
  month = {},
  review = {o software é citado numa tabela com características de 24 projetos},
  really_refers_to_software = {yes},
  contribution_weight = {0.25},
}

@inproceedings{7530627,
  author = {D. Baelden and L. Vanaudenhove and W. Grove and J. Njenga and L. Craffert and K. Stroeken},
  booktitle = {2016 IST-Africa Week Conference},
  title = {UDUBSit. A location based mobile application for the University of the Western Cape a living lab approach in support of participatory ICT4D},
  year = {2016},
  pages = {1-10},
  keywords = {computer aided instruction;information systems;mobile learning;research initiatives;technology management;ICT4D;UDUBSit research;UWC;University of the Western Cape;information and communication technologies for international development;living lab approach;location based mobile application;technology adaptation;technology adoption;Collaboration;Context;Electronic mail;Interviews;Mobile communication;Technological innovation;Technology transfer;Application;ICT4D;Living Lab;Participation},
  doi = {10.1109/ISTAFRICA.2016.7530627},
  month = {May},
  review = {cita o nome do software em outro contexto, faz referencia ao serviço web www.gumtree.com},
  really_refers_to_software = {no},
}

@article{Soetens:2017:CFC:3071073.3038926,
  author = {Soetens, Quinten David and Robbes, Romain and Demeyer, Serge},
  title = {Changes As First-Class Citizens: A Research Perspective on Modern Software Tooling},
  journal = {ACM Comput. Surv.},
  issue_date = {June 2017},
  volume = {50},
  number = {2},
  month = {April},
  year = {2017},
  issn = {0360-0300},
  pages = {18:1--18:38},
  articleno = {18},
  numpages = {38},
  url = {http://doi.acm.org/10.1145/3038926},
  doi = {10.1145/3038926},
  acmid = {3038926},
  publisher = {ACM},
  address = {New York, NY, USA},
  keywords = {Systematic mapping study, atomic change operations, change distilling, change recording, fine-grained changes, fine-grained edit operations},
  review = {faz um mapeamento sistemático do estado da arte sobre mudanças em softwares, o GumTree é citado numa classificação de ferramentas},
  really_refers_to_software = {yes},
  contribution_weight = {0.1},
}

@inproceedings{7884625,
  author = {M. A. Laverdière and E. Merlo},
  booktitle = {2017 IEEE 24th International Conference on Software Analysis, Evolution and Reengineering (SANER)},
  title = {Computing counter-examples for privilege protection losses using security models},
  year = {2017},
  pages = {240-249},
  keywords = {security of data;PTFA;WordPress;code-derived formal models;pattern traversal flow analysis;privilege protection losses;security models;Access control;Automata;Computational modeling;Maintenance engineering;Model checking;Access Control;Evolution;Model Checking;Software Maintenance;Static Analysis},
  doi = {10.1109/SANER.2017.7884625},
  month = {Feb},
  review = {cita o software na seção de ameaças a validade como um exemplo de implementação de algoritmo de diferenciação baseada em árvores},
  really_refers_to_software = {yes},
  contribution_weight = {0.1},
}

@inproceedings{Hanam:2016:DBP:2950290.2950308,
  author = {Hanam, Quinn and Brito, Fernando S. de M. and Mesbah, Ali},
  title = {Discovering Bug Patterns in JavaScript},
  booktitle = {Proceedings of the 2016 24th ACM SIGSOFT International Symposium on Foundations of Software Engineering},
  series = {FSE 2016},
  year = {2016},
  isbn = {978-1-4503-4218-6},
  location = {Seattle, WA, USA},
  pages = {144--156},
  numpages = {13},
  url = {http://doi.acm.org/10.1145/2950290.2950308},
  doi = {10.1145/2950290.2950308},
  acmid = {2950308},
  publisher = {ACM},
  address = {New York, NY, USA},
  keywords = {Bug patterns, JavaScript, Node.js, data mining, static analysis},
  review = {implementa um novo software chamado BugAID, usa um fork do software GumTree para análise de dados},
  really_refers_to_software = {yes},
  contribution_weight = {0.25},
}

@inproceedings{7372020,
  author = {Q. Gao and H. Zhang and J. Wang and Y. Xiong and L. Zhang and H. Mei},
  booktitle = {2015 30th IEEE/ACM International Conference on Automated Software Engineering (ASE)},
  title = {Fixing Recurring Crash Bugs via Analyzing Q\&A Sites (T)},
  year = {2015},
  pages = {307-318},
  keywords = {program debugging;query processing;source code (software);Q\&A sites;bug-fixing approaches;crash traces;edit scripts;human-written templates;query extraction;real-world crash bugs;recurring crash bugs;software systems;source code;Computer bugs;Context;Registers;Search engines;Software;Web pages},
  doi = {10.1109/ASE.2015.81},
  month = {Nov},
  review = {usa o software para coleta/análise de dados},
  really_refers_to_software = {yes},
  contribution_weight = {0.25},
}

@inproceedings{Nguyen:2009:ESP:1620545.1620571,
  author = {Nguyen, David H. and Marcu, Gabriela and Hayes, Gillian R. and Truong, Khai N. and Scott, James and Langheinrich, Marc and Roduner, Christof},
  title = {Encountering SenseCam: Personal Recording Technologies in Everyday Life},
  booktitle = {Proceedings of the 11th International Conference on Ubiquitous Computing},
  series = {UbiComp '09},
  year = {2009},
  isbn = {978-1-60558-431-7},
  location = {Orlando, Florida, USA},
  pages = {165--174},
  numpages = {10},
  url = {http://doi.acm.org/10.1145/1620545.1620571},
  doi = {10.1145/1620545.1620571},
  acmid = {1620571},
  publisher = {ACM},
  address = {New York, NY, USA},
  keywords = {experience sampling, paratyping, privacy, sensecam},
  review = {cita o nome do software num contexto não relacionado ao software},
  really_refers_to_software = {no},
}

@inproceedings{Almohamed:2016:DMS:2908805.2909415,
  author = {Almohamed, Asam and Vyas, Dhaval},
  title = {Designing for the Marginalized: A Step Towards Understanding the Lives of Refugees and Asylum Seekers},
  booktitle = {Proceedings of the 2016 ACM Conference Companion Publication on Designing Interactive Systems},
  series = {DIS '16 Companion},
  year = {2016},
  isbn = {978-1-4503-4315-2},
  location = {Brisbane, QLD, Australia},
  pages = {165--168},
  numpages = {4},
  url = {http://doi.acm.org/10.1145/2908805.2909415},
  doi = {10.1145/2908805.2909415},
  acmid = {2909415},
  publisher = {ACM},
  address = {New York, NY, USA},
  keywords = {design, empowerment, ict, qualitative research, refugees and asylum seekers},
  review = {cita o nome do software num contexto não relacionado ao software},
  really_refers_to_software = {no},
}

@inproceedings{7038806,
  author = {V. Chan and T. H. Wu and G. Pang},
  booktitle = {The 9th International Conference for Internet Technology and Secured Transactions (ICITST-2014)},
  title = {Decision support and data mining for direct consumer-to-consumer trading},
  year = {2014},
  pages = {205-208},
  keywords = {Internet;Web sites;customer services;data mining;decision support systems;purchasing;recommender systems;search problems;Internet;Website user;data mining techniques;database tables;decision support system;direct consumer-to-consumer trading;hybrid neighborhood search algorithm;intelligent system;item recommending intelligence;real-time search;Artificial neural networks;Communities;Data mining;Decision support systems;Educational institutions;Internet;artificial neural network;data mining;decision making;e-Commerce;online trading;used goods},
  doi = {10.1109/ICITST.2014.7038806},
  month = {Dec},
  review = {cita o nome do software em outro contexto, faz referencia ao serviço web www.gumtree.com},
  really_refers_to_software = {no},
}

@book{7006980,
  author = {Dominic Furniss and Rebecca Randell and Aisling Ann O'Kane and Svetlena Taneva},
  booktitle = {Fieldwork for Healthcare:Guidance for Investigating Human Factors in Computing Systems},
  title = {Fieldwork for Healthcare:Guidance for Investigating Human Factors in Computing Systems},
  year = {2014},
  pages = {146-},
  doi = {10.2200/S00606ED1V02Y201410ARH007},
  publisher = {Morgan \& Claypool},
  isbn = {9781627053228},
  url = {http://ieeexplore.ieee.org/xpl/articleDetails.jsp?arnumber=7006980},
  review = {cita o nome do software num contexto não relacionado ao software},
  really_refers_to_software = {no},
}

@inproceedings{Macho:2017:EBC:3104188.3104233,
  author = {Macho, Christian and Mcintosh, Shane and Pinzger, Martin},
  title = {Extracting Build Changes with BuildDiff},
  booktitle = {Proceedings of the 14th International Conference on Mining Software Repositories},
  series = {MSR '17},
  year = {2017},
  isbn = {978-1-5386-1544-7},
  location = {Buenos Aires, Argentina},
  pages = {368--378},
  numpages = {11},
  url = {https://doi.org/10.1109/MSR.2017.65},
  doi = {10.1109/MSR.2017.65},
  acmid = {3104233},
  publisher = {IEEE Press},
  address = {Piscataway, NJ, USA},
  keywords = {build systems, maintenance, software quality},
  review = {usa uma versão modificada do software por outros autores para coleta de dados},
  really_refers_to_software = {yes},
  contribution_weight = {0.25},
}

@inproceedings{Pasley:2008:MGC:1463434.1463459,
  author = {Pasley, Robert and Clough, Paul and Purves, Ross S. and Twaroch, Florian A.},
  title = {Mapping Geographic Coverage of the Web},
  booktitle = {Proceedings of the 16th ACM SIGSPATIAL International Conference on Advances in Geographic Information Systems},
  series = {GIS '08},
  year = {2008},
  isbn = {978-1-60558-323-5},
  location = {Irvine, California},
  pages = {19:1--19:9},
  articleno = {19},
  numpages = {9},
  url = {http://doi.acm.org/10.1145/1463434.1463459},
  doi = {10.1145/1463434.1463459},
  acmid = {1463459},
  publisher = {ACM},
  address = {New York, NY, USA},
  keywords = {gazetteers, geographic information retrieval, geographic references, web coverage},
  review = {cita o nome do software em outro contexto, faz referencia ao serviço web www.gumtree.com},
  really_refers_to_software = {no},
}

@inproceedings{7467370,
  author = {V. F. Taylor and R. Spolaor and M. Conti and I. Martinovic},
  booktitle = {2016 IEEE European Symposium on Security and Privacy (EuroS P)},
  title = {AppScanner: Automatic Fingerprinting of Smartphone Apps from Encrypted Network Traffic},
  year = {2016},
  pages = {439-454},
  keywords = {Android (operating system);mobile computing;smart phones;Android apps;AppScanner;Google Play Store;HTTPS/TLS;app fingerprinting;app fingerprints;automatic fingerprinting;encrypted network traffic;fingerprint generation methodology;marketing agencies;network planning;packet payloads;payload encryption protocols;smartphone apps;supervised learning algorithms;Cryptography;Feature extraction;IP networks;Mobile communication;Payloads;Ports (Computers);Web pages},
  doi = {10.1109/EuroSP.2016.40},
  month = {March},
  review = {cita o nome do software num contexto não relacionado ao software},
  really_refers_to_software = {no},
}

@inproceedings{Snow:2015:FAE:2702613.2732808,
  author = {Snow, Stephen and Vyas, Dhaval},
  title = {Fixing the Alignment: An Exploration of Budgeting Practices in the Home},
  booktitle = {Proceedings of the 33rd Annual ACM Conference Extended Abstracts on Human Factors in Computing Systems},
  series = {CHI EA '15},
  year = {2015},
  isbn = {978-1-4503-3146-3},
  location = {Seoul, Republic of Korea},
  pages = {2271--2276},
  numpages = {6},
  url = {http://doi.acm.org/10.1145/2702613.2732808},
  doi = {10.1145/2702613.2732808},
  acmid = {2732808},
  publisher = {ACM},
  address = {New York, NY, USA},
  keywords = {apps, budget, design, family, finance, money},
  review = {cita o nome do software num contexto não relacionado ao software},
  really_refers_to_software = {no},
}

