@INPROCEEDINGS{7180091,
  author={Y. Wu and Y. Manabe and T. Kanda and D. M. German and K. Inoue},
  booktitle={2015 IEEE/ACM 12th Working Conference on Mining Software Repositories},
  title={A Method to Detect License Inconsistencies in Large-Scale Open Source Projects},
  year={2015},
  pages={324-333},
  keywords={law;software reusability;source code (software);Debian 7.5;FOSS;free and open source software;license inconsistencies detection;license infringements;software licenses;software reuse;source code provenance;Electronic mail;Libraries;Licenses;Measurement;Open source software;Software reusability},
  doi={10.1109/MSR.2015.37},
  ISSN={2160-1852},
  month={May},
  review={cita nos trabalhos relacionados o artigo selecionado na revis√£o estruturada},
  really_refers_to_software={no},
}
