@inproceedings{Pruijt:2014:HAC:2642937.2648624,
  author = {Pruijt, Leo J. and K\"{o}ppe, Christian and van der Werf, Jan Martijn and Brinkkemper, Sjaak},
  title = {HUSACCT: Architecture Compliance Checking with Rich Sets of Module and Rule Types},
  booktitle = {Proceedings of the 29th ACM/IEEE International Conference on Automated Software Engineering},
  series = {ASE '14},
  year = {2014},
  isbn = {978-1-4503-3013-8},
  location = {Vasteras, Sweden},
  pages = {851--854},
  numpages = {4},
  url = {http://doi.acm.org/10.1145/2642937.2648624},
  doi = {10.1145/2642937.2648624},
  acmid = {2648624},
  publisher = {ACM},
  address = {New York, NY, USA},
  keywords = {architecture compliance, software architecture, static analysis},
  review={Ã© o mesmo artigo que publicou o software},
  really_refers_to_software={no},
}

@inproceedings{Pruijt:2015:DTS:2797433.2797491,
  author = {Pruijt, Leo and van der Werf, Jan Martijn E. M.},
  title = {Dependency Types and Subtypes in the Context of Architecture Reconstruction and Compliance Checking},
  booktitle = {Proceedings of the 2015 European Conference on Software Architecture Workshops},
  series = {ECSAW '15},
  year = {2015},
  isbn = {978-1-4503-3393-1},
  location = {Dubrovnik, Cavtat, Croatia},
  pages = {56:1--56:7},
  articleno = {56},
  numpages = {7},
  url = {http://doi.acm.org/10.1145/2797433.2797491},
  doi = {10.1145/2797433.2797491},
  acmid = {2797491},
  publisher = {ACM},
  address = {New York, NY, USA},
  keywords = {Architecture Compliance, Architecture Conformance, Dependency Analysis, Software Architecture, Static Analysis},
  review={?},
  really_refers_to_software={yes},
}

@inproceedings{Pruijt:2016:DRP:2993412.3003394,
  author = {Pruijt, Leo and Wiersema, Wiebe},
  title = {Dependency Related Parameters in the Reconstruction of a Layered Software Architecture},
  booktitle = {Proccedings of the 10th European Conference on Software Architecture Workshops},
  series = {ECSAW '16},
  year = {2016},
  isbn = {978-1-4503-4781-5},
  location = {Copenhagen, Denmark},
  pages = {18:1--18:7},
  articleno = {18},
  numpages = {7},
  url = {http://doi.acm.org/10.1145/2993412.3003394},
  doi = {10.1145/2993412.3003394},
  acmid = {3003394},
  publisher = {ACM},
  address = {New York, NY, USA},
  keywords = {architecture compliance, architecture reconstruction, dependency analysis, layers, software architecture},
  review={?},
  really_refers_to_software={yes},
}

@inproceedings{Pruijt:2014:MSS:2578128.2578233,
  author = {Pruijt, Leo and Brinkkemper, Sjaak},
  title = {A Metamodel for the Support of Semantically Rich Modular Architectures in the Context of Static Architecture Compliance Checking},
  booktitle = {Proceedings of the WICSA 2014 Companion Volume},
  series = {WICSA '14 Companion},
  year = {2014},
  isbn = {978-1-4503-2523-3},
  location = {Sydney, Australia},
  pages = {8:1--8:8},
  articleno = {8},
  numpages = {8},
  url = {http://doi.acm.org/10.1145/2578128.2578233},
  doi = {10.1145/2578128.2578233},
  acmid = {2578233},
  publisher = {ACM},
  address = {New York, NY, USA},
  keywords = {architecture compliance, metamodel, modular architecture, software architecture, static analysis},
  review={?},
  really_refers_to_software={yes},
}

@inproceedings{Peters:2016:GAA:2993412.3003393,
  author = {Peters, Joeri and van der Werf, Jan Martijn E. M.},
  title = {A Genetic Approach to Architectural Pattern Discovery},
  booktitle = {Proccedings of the 10th European Conference on Software Architecture Workshops},
  series = {ECSAW '16},
  year = {2016},
  isbn = {978-1-4503-4781-5},
  location = {Copenhagen, Denmark},
  pages = {17:1--17:7},
  articleno = {17},
  numpages = {7},
  url = {http://doi.acm.org/10.1145/2993412.3003393},
  doi = {10.1145/2993412.3003393},
  acmid = {3003393},
  publisher = {ACM},
  address = {New York, NY, USA},
  review={?},
  really_refers_to_software={yes},
}
