@INPROCEEDINGS{7484100,
  author={L. Pruijt and W. Wiersema and J. M. E. M. v. d. Werf and S. Brinkkemper},
  booktitle={2016 Qualitative Reasoning about Software Architectures (QRASA)},
  title={Rule Type Based Reasoning on Architecture Violations: A Case Study},
  year={2016},
  pages={1-10},
  keywords={inference mechanisms;network operating systems;object-oriented programming;software architecture;software maintenance;software portability;software tools;.NET common application architecture;C#;HUSACCT;SACC-tool;architecture violations;governmental system;rule type based reasoning;software architecture compliance checking;software maintainability;software portability;specific architectural pattern;Cognition;Computer architecture;Organizations;Pipelines;Software;Unified modeling language;Software architecture;architecture compliance;architecture conformance;modular architecture},
  doi={10.1109/QRASA.2016.7},
  month={April},
  review={apresenta o software, descreve em detalhe, indica site do projeto, usa a ferramenta para coleta/análise},
  really_refers_to_software={yes},
}

@INPROCEEDINGS{7516839,
  author={J. Peters and J. M. E. M. v. d. Werf and J. Hage},
  booktitle={2016 13th Working IEEE/IFIP Conference on Software Architecture (WICSA)},
  title={Architectural Pattern Definition for Semantically Rich Modular Architectures},
  year={2016},
  pages={256-261},
  keywords={pattern recognition;software architecture;ACC techniques;ACC tools;architectural pattern definition;architectural pattern instances;architectural patterns;architecture compliance checking;architecture design;pattern recognition process;semantically rich modular architectures;software architecture reconstruction;software dependencies;Computer architecture;Dynamic scheduling;Pattern recognition;Software;Software architecture;Testing;ACC;HUSACCT;SAR;SRMA;architectural pattern;compliance checking;pattern definition;reconstruction;semantically rich modular architectures;software architecture},
  doi={10.1109/WICSA.2016.50},
  month={April},
  review={cita o software como uma ferramenta open-source feita com suporte a SRMA, fezendo interessante para propósitos acadêmicos},
  really_refers_to_software={yes},
}
