@INBOOK{6270239,
  author={Elisabetta Di Nitto and Anne-Marie Sassen and Paolo Traverso and Arian Zwegers},
  booktitle={At Your Service:Service-Oriented Computing from an EU Perspective},
  title={About the Authors},
  year={2009},
  pages={531-556},
  publisher={MIT Press},
  isbn={9780262255080},
  url={http://ieeexplore.ieee.org/xpl/articleDetails.jsp?arnumber=6270239},
  review={cita o nome do software num contexto não relacionado ao software},
  really_refers_to_software={no},
}

@INPROCEEDINGS{1173075,
  author={M. Pinzger and M. Fischer and H. Gall and M. Jazayeri},
  booktitle={Ninth Working Conference on Reverse Engineering, 2002. Proceedings.},
  title={Revealer: a lexical pattern matcher for architecture recovery},
  year={2002},
  pages={170-178},
  keywords={grammars;reverse engineering;software tools;Revealer;architecture recovery;lexical analysis;lexical pattern matcher;program comprehension;reverse engineering;source model extraction tool;Application software;Computer architecture;Europe;Pattern analysis;Pattern matching;Reverse engineering;Software maintenance;Software systems;Software tools;Technological innovation},
  doi={10.1109/WCRE.2002.1173075},
  ISSN={1095-1350},
  month={},
  review={usa o software como objeto de estudo, analisado com implementação própria chamada Revealer},
  really_refers_to_software={yes},
  reference_weight={0.25},
}

@INPROCEEDINGS{7372054,
  author={P. Barros and R. Just and S. Millstein and P. Vines and W. Dietl and M. dAmorim and M. D. Ernst},
  booktitle={2015 30th IEEE/ACM International Conference on Automated Software Engineering (ASE)},
  title={Static Analysis of Implicit Control Flow: Resolving Java Reflection and Android Intents (T)},
  year={2015},
  pages={669-679},
  keywords={Android (operating system);Java;program diagnostics;security of data;Android intents;Java reflection;implicit control flow;indirect control flow;security analysis;static analysis;Androids;Context;Dictionaries;Humanoid robots;Java;Security;Android;Implicit Control Flow;Static Analysis;Type systems},
  doi={10.1109/ASE.2015.69},
  month={Nov},
  review={mesmo artigo selecionado na revisão estruturada},
  really_refers_to_software={no},
}

@ARTICLE{7854108,
  author={F. Roesner},
  journal={IEEE Security Privacy},
  title={Designing Application Permission Models that Meet User Expectations},
  year={2017},
  volume={15},
  number={1},
  pages={75-79},
  keywords={authorisation;application permission models;user expectations;user-driven access control;Access control;Androids;Browsers;Computer applications;Computer security;Humanoid robots;Mobile computing;Smart devices;mobile applications;permission;principle of least privilege;privacy;security;smart devices;smart technology;users},
  doi={10.1109/MSP.2017.3},
  ISSN={1540-7993},
  month={Jan},
  review={cita o software como possível incorporação à solução apresentada no artigo, cita o software como exemplo de ferramenta 'information flow checker'},
  really_refers_to_software={yes},
  reference_weight={0},
}

@INPROCEEDINGS{7985689,
  author={D. Landman and A. Serebrenik and J. J. Vinju},
  booktitle={2017 IEEE/ACM 39th International Conference on Software Engineering (ICSE)},
  title={Challenges for Static Analysis of Java Reflection - Literature Review and Empirical Study},
  year={2017},
  pages={507-518},
  keywords={Bibliographies;Grammar;Java;Semantics;Software;Systematics;Tools;Empirical Study;Java;Reflection;Static Analysis;Systematic Literature Review},
  doi={10.1109/ICSE.2017.53},
  month={May},
  review={faz uma revisão sistemática sobre análise estática e Java reflection, cita o software entre inúmeros outros de análise estática encontrados, caracteriza esses softwares},
  really_refers_to_software={yes},
  reference_weight={0.25},
}
