@inproceedings{Tkachuk:2007:CEG:1321631.1321694,
  author = {Tkachuk, Oksana and Rajan, Sreeranga P.},
  title = {Combining Environment Generation and Slicing for Modular Software Model Checking},
  booktitle = {Proceedings of the Twenty-second IEEE/ACM International Conference on Automated Software Engineering},
  series = {ASE '07},
  year = {2007},
  isbn = {978-1-59593-882-4},
  location = {Atlanta, Georgia, USA},
  pages = {401--404},
  numpages = {4},
  url = {http://doi.acm.org/10.1145/1321631.1321694},
  doi = {10.1145/1321631.1321694},
  acmid = {1321694},
  publisher = {ACM},
  address = {New York, NY, USA},
  keywords = {environment generation, modular model checking, slicing},
  review={usa o software para análise dos dados com objetivo de demonstrar a efetividade da técnica de 'environment generation': 'The results show that environment generation implemented in BEG is an aggressive reduction technique.', os autores usaram o software em trabalhos anteriores, dedica uma sessão para descrever o software, cita o software nas referências com indicação de site, avalia o software},
  really_refers_to_software={yes},
  reference_weight={0.25},
}

@inproceedings{Tkachuk:2006:AAE:1146238.1146262,
  author = {Tkachuk, Oksana and Rajan, Sreeranga P.},
  title = {Application of Automated Environment Generation to Commercial Software},
  booktitle = {Proceedings of the 2006 International Symposium on Software Testing and Analysis},
  series = {ISSTA '06},
  year = {2006},
  isbn = {1-59593-263-1},
  location = {Portland, Maine, USA},
  pages = {203--214},
  numpages = {12},
  url = {http://doi.acm.org/10.1145/1146238.1146262},
  doi = {10.1145/1146238.1146262},
  acmid = {1146262},
  publisher = {ACM},
  address = {New York, NY, USA},
  keywords = {environment generation, modular model checking},
  review={usa o software para coleta de dados, apresenta o sofware com detalhes, usa para gerar ambientes para dois módulos de um grande aplicação Java cliente-servidor comercial},
  really_refers_to_software={yes},
  reference_weight={0.25},
}

@inproceedings{Tkachuk:2003:AEG:3106091.3106107,
  author = {Tkachuk, Oksana and Dwyer, Matthew B. and Pasareanu, Corina S.},
  title = {Automated Environment Generation for Software Model Checking},
  booktitle = {Proceedings of the 18th IEEE International Conference on Automated Software Engineering},
  series = {ASE'03},
  year = {2003},
  isbn = {0-7695-2035-9},
  location = {Montreal, Quebec, Canada},
  pages = {116--127},
  numpages = {12},
  url = {https://doi.org/10.1109/ASE.2003.1240300},
  doi = {10.1109/ASE.2003.1240300},
  acmid = {3106107},
  publisher = {IEEE Press},
  address = {Piscataway, NJ, USA},
  review={é o mesmo artigo que publicou o software},
  really_refers_to_software={no},
}

@inproceedings{Siavashi:2015:EMM:2745802.2745830,
  author = {Siavashi, Faezeh and Truscan, Dragos},
  title = {Environment Modeling in Model-based Testing: Concepts, Prospects and Research Challenges: A Systematic Literature Review},
  booktitle = {Proceedings of the 19th International Conference on Evaluation and Assessment in Software Engineering},
  series = {EASE '15},
  year = {2015},
  isbn = {978-1-4503-3350-4},
  location = {Nanjing, China},
  pages = {30:1--30:6},
  articleno = {30},
  numpages = {6},
  url = {http://doi.acm.org/10.1145/2745802.2745830},
  doi = {10.1145/2745802.2745830},
  acmid = {2745830},
  publisher = {ACM},
  address = {New York, NY, USA},
  keywords = {environment model, model-based testing, software testing, systematic literature review},
  review={revisão sistemática sobre 'environment modeling' encontrou 2 estudos primários sobre o software, descreve em 1 parágrafo},
  really_refers_to_software={yes},
  reference_weight={0},
}
