@inproceedings{Parizek:2011:IFF:2190078.2190156,
  author = {Parizek, Pavel and Parizek, Pavel and Lhotak, Ondrej},
  title = {Identifying Future Field Accesses in Exhaustive State Space Traversal},
  booktitle = {Proceedings of the 2011 26th IEEE/ACM International Conference on Automated Software Engineering},
  series = {ASE '11},
  year = {2011},
  isbn = {978-1-4577-1638-6},
  pages = {93--102},
  numpages = {10},
  url = {http://dx.doi.org/10.1109/ASE.2011.6100154},
  doi = {10.1109/ASE.2011.6100154},
  acmid = {2190156},
  publisher = {IEEE Computer Society},
  address = {Washington, DC, USA},
}

@inproceedings{Parizek:2014:AHO:2632362.2632365,
  author = {Par\'{\i}zek, Pavel and Jan\v{c}\'{\i}k, Pavel},
  title = {Approximating Happens-before Order: Interplay Between Static Analysis and State Space Traversal},
  booktitle = {Proceedings of the 2014 International SPIN Symposium on Model Checking of Software},
  series = {SPIN 2014},
  year = {2014},
  isbn = {978-1-4503-2452-6},
  location = {San Jose, CA, USA},
  pages = {1--10},
  numpages = {10},
  url = {http://doi.acm.org/10.1145/2632362.2632365},
  doi = {10.1145/2632362.2632365},
  acmid = {2632365},
  publisher = {ACM},
  address = {New York, NY, USA},
  keywords = {Java Pathfinder, concurrency, dynamic analysis, happens-before, state space traversal, static analysis},
}

@inproceedings{Bodin:1998:ULP:277830.277868,
  author = {Bodin, Fran\c{c}ois and M{\'e}vel, Yann and Quiniou, Ren{\'e}},
  title = {A User Level Program Transformation Tool},
  booktitle = {Proceedings of the 12th International Conference on Supercomputing},
  series = {ICS '98},
  year = {1998},
  isbn = {0-89791-998-X},
  location = {Melbourne, Australia},
  pages = {180--187},
  numpages = {8},
  url = {http://doi.acm.org/10.1145/277830.277868},
  doi = {10.1145/277830.277868},
  acmid = {277868},
  publisher = {ACM},
  address = {New York, NY, USA},
  keywords = {Fortran, interactive program transformations, parallelization, programming environment, tuning},
}

@inproceedings{Reps:2006:IRL:1111542.1111560,
  author = {Reps, Thomas and Balakrishnan, Gogul and Lim, Junghee},
  title = {Intermediate-representation Recovery from Low-level Code},
  booktitle = {Proceedings of the 2006 ACM SIGPLAN Symposium on Partial Evaluation and Semantics-based Program Manipulation},
  series = {PEPM '06},
  year = {2006},
  isbn = {1-59593-196-1},
  location = {Charleston, South Carolina},
  pages = {100--111},
  numpages = {12},
  url = {http://doi.acm.org/10.1145/1111542.1111560},
  doi = {10.1145/1111542.1111560},
  acmid = {1111560},
  publisher = {ACM},
  address = {New York, NY, USA},
}

@inproceedings{Ganapathy:2008:DIM:1346281.1346303,
  author = {Ganapathy, Vinod and Renzelmann, Matthew J. and Balakrishnan, Arini and Swift, Michael M. and Jha, Somesh},
  title = {The Design and Implementation of Microdrivers},
  booktitle = {Proceedings of the 13th International Conference on Architectural Support for Programming Languages and Operating Systems},
  series = {ASPLOS XIII},
  year = {2008},
  isbn = {978-1-59593-958-6},
  location = {Seattle, WA, USA},
  pages = {168--178},
  numpages = {11},
  url = {http://doi.acm.org/10.1145/1346281.1346303},
  doi = {10.1145/1346281.1346303},
  acmid = {1346303},
  publisher = {ACM},
  address = {New York, NY, USA},
  keywords = {device drivers, program partitioning, reliability},
}

@article{Ganapathy:2008:DIM:1353534.1346303,
  author = {Ganapathy, Vinod and Renzelmann, Matthew J. and Balakrishnan, Arini and Swift, Michael M. and Jha, Somesh},
  title = {The Design and Implementation of Microdrivers},
  journal = {SIGARCH Comput. Archit. News},
  issue_date = {March 2008},
  volume = {36},
  number = {1},
  month = mar,
  year = {2008},
  issn = {0163-5964},
  pages = {168--178},
  numpages = {11},
  url = {http://doi.acm.org/10.1145/1353534.1346303},
  doi = {10.1145/1353534.1346303},
  acmid = {1346303},
  publisher = {ACM},
  address = {New York, NY, USA},
  keywords = {device drivers, program partitioning, reliability},
}

@article{Ganapathy:2008:DIM:1353535.1346303,
  author = {Ganapathy, Vinod and Renzelmann, Matthew J. and Balakrishnan, Arini and Swift, Michael M. and Jha, Somesh},
  title = {The Design and Implementation of Microdrivers},
  journal = {SIGOPS Oper. Syst. Rev.},
  issue_date = {March 2008},
  volume = {42},
  number = {2},
  month = mar,
  year = {2008},
  issn = {0163-5980},
  pages = {168--178},
  numpages = {11},
  url = {http://doi.acm.org/10.1145/1353535.1346303},
  doi = {10.1145/1353535.1346303},
  acmid = {1346303},
  publisher = {ACM},
  address = {New York, NY, USA},
  keywords = {device drivers, program partitioning, reliability},
}

@article{Ganapathy:2008:DIM:1353536.1346303,
  author = {Ganapathy, Vinod and Renzelmann, Matthew J. and Balakrishnan, Arini and Swift, Michael M. and Jha, Somesh},
  title = {The Design and Implementation of Microdrivers},
  journal = {SIGPLAN Not.},
  issue_date = {March 2008},
  volume = {43},
  number = {3},
  month = mar,
  year = {2008},
  issn = {0362-1340},
  pages = {168--178},
  numpages = {11},
  url = {http://doi.acm.org/10.1145/1353536.1346303},
  doi = {10.1145/1353536.1346303},
  acmid = {1346303},
  publisher = {ACM},
  address = {New York, NY, USA},
  keywords = {device drivers, program partitioning, reliability},
}
