@inproceedings{Alshahwan:2011:AWA:2190078.2190141,
  author = {Alshahwan, Nadia and Harman, Mark},
  title = {Automated Web Application Testing Using Search Based Software Engineering},
  booktitle = {Proceedings of the 2011 26th IEEE/ACM International Conference on Automated Software Engineering},
  series = {ASE '11},
  year = {2011},
  isbn = {978-1-4577-1638-6},
  pages = {3--12},
  numpages = {10},
  url = {http://dx.doi.org/10.1109/ASE.2011.6100082},
  doi = {10.1109/ASE.2011.6100082},
  acmid = {2190141},
  publisher = {IEEE Computer Society},
  address = {Washington, DC, USA},
  review={mesmo artigo selecionado na revisão estruturada},
  really_refers_to_software={yes},
  reference_weight={1},
}

@inproceedings{deCastro:2013:ESR:2662413.2662441,
  author = {de Castro, Andreza M. F. V. and Macedo, Gisele A. and Collins, Eliane F. and Dias-Neto, Arilo C.},
  title = {Extension of Selenium RC Tool to Perform Automated Testing with Databases in Web Applications},
  booktitle = {Proceedings of the 8th International Workshop on Automation of Software Test},
  series = {AST '13},
  year = {2013},
  isbn = {978-1-4673-6161-3},
  location = {San Francisco, California},
  pages = {125--131},
  numpages = {7},
  url = {http://dl.acm.org/citation.cfm?id=2662413.2662441},
  acmid = {2662441},
  publisher = {IEEE Press},
  address = {Piscataway, NJ, USA},
  keywords = {database testing, functional testing, selenium RC, software testing, test automation},
  review={cita o software como trabalho relacionado},
  really_refers_to_software={yes},
  reference_weight={0},
}

@inproceedings{Ramakrishnan:2017:SRT:3021460.3021479,
  author = {Ramakrishnan, Raghu and Shrawan, Vandana and Singh, Prabhpahul},
  title = {Setting Realistic Think Times in Performance Testing: A Practitioner's Approach},
  booktitle = {Proceedings of the 10th Innovations in Software Engineering Conference},
  series = {ISEC '17},
  year = {2017},
  isbn = {978-1-4503-4856-0},
  location = {Jaipur, India},
  pages = {157--164},
  numpages = {8},
  url = {http://doi.acm.org/10.1145/3021460.3021479},
  doi = {10.1145/3021460.3021479},
  acmid = {3021479},
  publisher = {ACM},
  address = {New York, NY, USA},
  keywords = {Performance testing, load testing, think time},
  review={cita uma ferramenta com o mesmo nome mas trata-se de outra ferramenta - Session-based Web Application Tester - SWAT},
  really_refers_to_software={no},
}

@article{Casale:2010:AGB:1710115.1710122,
  author = {Casale, Giuliano and Kalbasi, Amir and Krishnamurthy, Diwakar and Rolia, Jerry},
  title = {Automatically Generating Bursty Benchmarks for Multitier Systems},
  journal = {SIGMETRICS Perform. Eval. Rev.},
  issue_date = {December 2009},
  volume = {37},
  number = {3},
  month = jan,
  year = {2010},
  issn = {0163-5999},
  pages = {32--37},
  numpages = {6},
  url = {http://doi.acm.org/10.1145/1710115.1710122},
  doi = {10.1145/1710115.1710122},
  acmid = {1710122},
  publisher = {ACM},
  address = {New York, NY, USA},
  review={cita uma ferramenta com o mesmo nome mas trata-se de outra ferramenta - Session-based Web Application Tester - SWAT},
  really_refers_to_software={no},
}

@inproceedings{Alshahwan:2012:SAT:2338965.2336759,
  author = {Alshahwan, Nadia and Harman, Mark},
  title = {State Aware Test Case Regeneration for Improving Web Application Test Suite Coverage and Fault Detection},
  booktitle = {Proceedings of the 2012 International Symposium on Software Testing and Analysis},
  series = {ISSTA 2012},
  year = {2012},
  isbn = {978-1-4503-1454-1},
  location = {Minneapolis, MN, USA},
  pages = {45--55},
  numpages = {11},
  url = {http://doi.acm.org/10.1145/2338965.2336759},
  doi = {10.1145/2338965.2336759},
  acmid = {2336759},
  publisher = {ACM},
  address = {New York, NY, USA},
  review={mesmos autores, o software é um trabalho anterior, usa o software},
  really_refers_to_software={yes},
  reference_weight={0.25},
}

@inproceedings{Alshahwan:2014:CFD:2610384.2610413,
  author = {Alshahwan, Nadia and Harman, Mark},
  title = {Coverage and Fault Detection of the Output-uniqueness Test Selection Criteria},
  booktitle = {Proceedings of the 2014 International Symposium on Software Testing and Analysis},
  series = {ISSTA 2014},
  year = {2014},
  isbn = {978-1-4503-2645-2},
  location = {San Jose, CA, USA},
  pages = {181--192},
  numpages = {12},
  url = {http://doi.acm.org/10.1145/2610384.2610413},
  doi = {10.1145/2610384.2610413},
  acmid = {2610413},
  publisher = {ACM},
  address = {New York, NY, USA},
  keywords = {Blackbox testing, Software Testing, Web applications, Whitebox testing},
  review={mesmos autores, o software é um trabalho anterior, usa o software},
  really_refers_to_software={yes},
  reference_weight={0.25},
}

@article{Stewart:2007:ENP:1272998.1273002,
  author = {Stewart, Christopher and Kelly, Terence and Zhang, Alex},
  title = {Exploiting Nonstationarity for Performance Prediction},
  journal = {SIGOPS Oper. Syst. Rev.},
  issue_date = {June 2007},
  volume = {41},
  number = {3},
  month = mar,
  year = {2007},
  issn = {0163-5980},
  pages = {31--44},
  numpages = {14},
  url = {http://doi.acm.org/10.1145/1272998.1273002},
  doi = {10.1145/1272998.1273002},
  acmid = {1273002},
  publisher = {ACM},
  address = {New York, NY, USA},
  keywords = {LAR regression, enterprise, internet services, mutli-tier, noninvasive, nonstationarity, performance prediction, realistic workloads},
  review={cita uma ferramenta com o mesmo nome mas trata-se de outra ferramenta - Session-based Web Application Tester - SWAT},
  really_refers_to_software={no},
}

@inproceedings{Stewart:2007:ENP:1272996.1273002,
  author = {Stewart, Christopher and Kelly, Terence and Zhang, Alex},
  title = {Exploiting Nonstationarity for Performance Prediction},
  booktitle = {Proceedings of the 2Nd ACM SIGOPS/EuroSys European Conference on Computer Systems 2007},
  series = {EuroSys '07},
  year = {2007},
  isbn = {978-1-59593-636-3},
  location = {Lisbon, Portugal},
  pages = {31--44},
  numpages = {14},
  url = {http://doi.acm.org/10.1145/1272996.1273002},
  doi = {10.1145/1272996.1273002},
  acmid = {1273002},
  publisher = {ACM},
  address = {New York, NY, USA},
  keywords = {LAR regression, enterprise, internet services, mutli-tier, noninvasive, nonstationarity, performance prediction, realistic workloads},
  review={resultado de busca duplicado},
  really_refers_to_software={no},
}

@inproceedings{Leehane:1996:LIT:262051.262081,
  author = {Leehane, Tim},
  title = {Level II Technical Support in a Distributed Computing Environment},
  booktitle = {Proceedings of the 24th Annual ACM SIGUCCS Conference on User Services},
  series = {SIGUCCS '96},
  year = {1997},
  isbn = {0-89791-810-X},
  location = {Chicago, Illinois, USA},
  pages = {95--99},
  numpages = {5},
  url = {http://doi.acm.org/10.1145/262051.262081},
  doi = {10.1145/262051.262081},
  acmid = {262081},
  publisher = {ACM},
  address = {New York, NY, USA},
  review={cita o nome do software num contexto não relacionado ao software},
  really_refers_to_software={no},
}

@inproceedings{Harrison:2005:RRU:1099203.1099245,
  author = {Harrison, Beverly L. and Cozzi, Alex and Moran, Thomas P.},
  title = {Roles and Relationships for Unified Activity Management},
  booktitle = {Proceedings of the 2005 International ACM SIGGROUP Conference on Supporting Group Work},
  series = {GROUP '05},
  year = {2005},
  isbn = {1-59593-223-2},
  location = {Sanibel Island, Florida, USA},
  pages = {236--245},
  numpages = {10},
  url = {http://doi.acm.org/10.1145/1099203.1099245},
  doi = {10.1145/1099203.1099245},
  acmid = {1099245},
  publisher = {ACM},
  address = {New York, NY, USA},
  keywords = {activity management, design, ethnographic study, prototyping, task management, to-do lists, user evaluation},
  review={cita o nome do software num contexto não relacionado ao software},
  really_refers_to_software={no},
}

@article{Neumann:2008:RP:1402521.1402532,
  author = {Neumann, Peter G.},
  title = {Risks to the Public},
  journal = {SIGSOFT Softw. Eng. Notes},
  issue_date = {September 2008},
  volume = {33},
  number = {5},
  month = aug,
  year = {2008},
  issn = {0163-5948},
  pages = {2:14--2:21},
  articleno = {2},
  numpages = {8},
  url = {http://doi.acm.org/10.1145/1402521.1402532},
  doi = {10.1145/1402521.1402532},
  acmid = {1402532},
  publisher = {ACM},
  address = {New York, NY, USA},
  review={cita o nome do software num contexto não relacionado ao software},
  really_refers_to_software={no},
}
