@INPROCEEDINGS{6595803,
  author={A. M. F. V. de Castro and G. A. Macedo and E. F. Collins and A. C. Dias-Neto},
  booktitle={2013 8th International Workshop on Automation of Software Test (AST)},
  title={Extension of Selenium RC tool to perform automated testing with databases in web applications},
  year={2013},
  pages={125-131},
  keywords={Internet;database management systems;program testing;Selenium RC tool;Web application;automated testing;data checking;database;test script;user interface;Automation;Databases;Electronic mail;Java;Manuals;Software;Testing;Database Testing;Functional Testing;Selenium RC;Software Testing;Test Automation},
  doi={10.1109/IWAST.2013.6595803},
  month={May},
}

@ARTICLE{4015510,
  author={D. Krishnamurthy and J. A. Rolia and S. Majumdar},
  journal={IEEE Transactions on Software Engineering},
  title={A Synthetic Workload Generation Technique for Stress Testing Session-Based Systems},
  year={2006},
  volume={32},
  number={11},
  pages={868-882},
  keywords={electronic commerce;performance evaluation;program testing;TPC-W e-commerce system;e-commerce system;enterprise application;performance evaluation;sensitivity analyses;stress testing session-based system;synthetic workload generation technique;Application software;Character generation;Computer Society;Delay;Occupational stress;Sensitivity analysis;Stress control;System performance;System testing;Web server;Internet applications;Performance of systems;Web servers.;electronic commerce;measurement techniques;modeling techniques;software engineering;testing tools},
  doi={10.1109/TSE.2006.106},
  ISSN={0098-5589},
  month={Nov},
}

@BOOK{6813070,
  author={Richard Caputo},
  booktitle={Hitting the Wall: A Vision of a Secure Energy Future},
  title={Hitting the Wall: A Vision of a Secure Energy Future},
  year={2009},
  pages={204-},
  doi={10.2200/S00124ED1V01Y200805EGY003},
  publisher={Morgan & Claypool},
  isbn={9781598293357},
  url={http://ieeexplore.ieee.org/xpl/articleDetails.jsp?arnumber=6813070},
}

@INBOOK{5273597,
  author={Frank Hargrave},
  booktitle={Hargrave #39;s Communications Dictionary},
  title={Index},
  year={2001},
  pages={849-915},
  doi={10.1109/9780470544822.index},
  publisher={Wiley-IEEE Press},
  isbn={9780470544822},
  url={http://ieeexplore.ieee.org/xpl/articleDetails.jsp?arnumber=5273597},
}

@INPROCEEDINGS{6100082,
  author={N. Alshahwan and M. Harman},
  booktitle={2011 26th IEEE/ACM International Conference on Automated Software Engineering (ASE 2011)},
  title={Automated web application testing using search based software engineering},
  year={2011},
  pages={3-12},
  keywords={Internet;program diagnostics;program testing;SWAT;automated Web application testing;dynamic analysis;search based software engineering;search based software testing;static analysis;Acceleration;Algorithm design and analysis;HTML;Heuristic algorithms;Instruments;Testing;Vectors;Automated Test data generation;SBSE;Web applications},
  doi={10.1109/ASE.2011.6100082},
  ISSN={1938-4300},
  month={Nov},
}
