@inproceedings{LijieWang:2011:AEW:2190078.2190135,
  author = {Lijie Wang and Lu Fang and Leye Wang and Ge Li and Bing Xie and Fuqing Yang},
  title = {APIExample: An Effective Web Search Based Usage Example Recommendation System for Java APIs},
  booktitle = {Proceedings of the 2011 26th IEEE/ACM International Conference on Automated Software Engineering},
  series = {ASE '11},
  year = {2011},
  isbn = {978-1-4577-1638-6},
  pages = {592--595},
  numpages = {4},
  url = {http://dx.doi.org/10.1109/ASE.2011.6100133},
  doi = {10.1109/ASE.2011.6100133},
  acmid = {2190135},
  publisher = {IEEE Computer Society},
  address = {Washington, DC, USA},
  review={este artigo é o mesmo que publicou o software},
  really_refers_to_software={no},
}

@inproceedings{VanNguyen:2017:CWR:3098344.3098406,
  author = {Van Nguyen, Thanh and Nguyen, Anh Tuan and Phan, Hung Dang and Nguyen, Trong Duc and Nguyen, Tien N.},
  title = {Combining Word2Vec with Revised Vector Space Model for Better Code Retrieval},
  booktitle = {Proceedings of the 39th International Conference on Software Engineering Companion},
  series = {ICSE-C '17},
  year = {2017},
  isbn = {978-1-5386-1589-8},
  location = {Buenos Aires, Argentina},
  pages = {183--185},
  numpages = {3},
  url = {https://doi.org/10.1109/ICSE-C.2017.90},
  doi = {10.1109/ICSE-C.2017.90},
  acmid = {3098406},
  publisher = {IEEE Press},
  address = {Piscataway, NJ, USA},
  keywords = {Word2Vec, code search, information retrieval},
  review={nenhuma referência ao nome do software encontrado no texto},
  really_refers_to_software={no},
}

@inproceedings{Zhu:2013:GAE:2532443.2532470,
  author = {Zhu, Zixiao and Zou, Yanzhen and Jin, Yong and Xie, Bing},
  title = {Generating API-usage Example for Project Developers},
  booktitle = {Proceedings of the 5th Asia-Pacific Symposium on Internetware},
  series = {Internetware '13},
  year = {2013},
  isbn = {978-1-4503-2369-7},
  location = {Changsha, China},
  pages = {34:1--34:4},
  articleno = {34},
  numpages = {4},
  url = {http://doi.acm.org/10.1145/2532443.2532470},
  doi = {10.1145/2532443.2532470},
  acmid = {2532470},
  publisher = {ACM},
  address = {New York, NY, USA},
  keywords = {software reuse, test code, test scenario, usage example},
  review={cita o software como trabalho relacionado},
  really_refers_to_software={yes},
}

@inproceedings{Ghafari:2014:MUT:2597008.2597789,
  author = {Ghafari, Mohammad and Ghezzi, Carlo and Mocci, Andrea and Tamburrelli, Giordano},
  title = {Mining Unit Tests for Code Recommendation},
  booktitle = {Proceedings of the 22Nd International Conference on Program Comprehension},
  series = {ICPC 2014},
  year = {2014},
  isbn = {978-1-4503-2879-1},
  location = {Hyderabad, India},
  pages = {142--145},
  numpages = {4},
  url = {http://doi.acm.org/10.1145/2597008.2597789},
  doi = {10.1145/2597008.2597789},
  acmid = {2597789},
  publisher = {ACM},
  address = {New York, NY, USA},
  keywords = {Code recommendation, unit tests, usage examples},
  review={nenhuma referência ao nome do software encontrado no texto},
  really_refers_to_software={no},
}

@inproceedings{Yu:2016:AEA:2993717.2993727,
  author = {Yu, Haibo and Song, Wenhao and Mine, Tsunenori},
  title = {APIBook: An Effective Approach for Finding APIs},
  booktitle = {Proceedings of the 8th Asia-Pacific Symposium on Internetware},
  series = {Internetware '16},
  year = {2016},
  isbn = {978-1-4503-4829-4},
  location = {Beijing, China},
  pages = {45--53},
  numpages = {9},
  url = {http://doi.acm.org/10.1145/2993717.2993727},
  doi = {10.1145/2993717.2993727},
  acmid = {2993727},
  publisher = {ACM},
  address = {New York, NY, USA},
  keywords = {API recommendation, API search, information retrieval, program analysis},
  review={cita o software como trabalho relacionado},
  really_refers_to_software={yes},
}

@inproceedings{Nhu:2015:PCE:2811681.2811687,
  author = {Nhu, Duong and Chua, Caslon},
  title = {Preprocessing Code Example For Searching},
  booktitle = {Proceedings of the ASWEC 2015 24th Australasian Software Engineering Conference},
  series = {ASWEC ' 15 Vol. II},
  year = {2015},
  isbn = {978-1-4503-3796-0},
  location = {Adelaide, SA, Australia},
  pages = {28--32},
  numpages = {5},
  url = {http://doi.acm.org/10.1145/2811681.2811687},
  doi = {10.1145/2811681.2811687},
  acmid = {2811687},
  publisher = {ACM},
  address = {New York, NY, USA},
  keywords = {Program Code Indexing, Programming Code, Search, Teaching Programming},
  review={apenas cita o artigo que publicou o software},
  really_refers_to_software={no},
}

@inproceedings{Buse:2012:SAU:2337223.2337316,
  author = {Buse, Raymond P. L. and Weimer, Westley},
  title = {Synthesizing API Usage Examples},
  booktitle = {Proceedings of the 34th International Conference on Software Engineering},
  series = {ICSE '12},
  year = {2012},
  isbn = {978-1-4673-1067-3},
  location = {Zurich, Switzerland},
  pages = {782--792},
  numpages = {11},
  url = {http://dl.acm.org/citation.cfm?id=2337223.2337316},
  acmid = {2337316},
  publisher = {IEEE Press},
  address = {Piscataway, NJ, USA},
  review={não faz referência ao nome do software},
  really_refers_to_software={no},
}

@inproceedings{Sohan:2017:AEO:3103112.3103140,
  author = {Sohan, S M and Anslow, Craig and Maurer, Frank},
  title = {Automated Example Oriented REST API Documentation at Cisco},
  booktitle = {Proceedings of the 39th International Conference on Software Engineering: Software Engineering in Practice Track},
  series = {ICSE-SEIP '17},
  year = {2017},
  isbn = {978-1-5386-2717-4},
  location = {Buenos Aires, Argentina},
  pages = {213--222},
  numpages = {10},
  url = {https://doi.org/10.1109/ICSE-SEIP.2017.11},
  doi = {10.1109/ICSE-SEIP.2017.11},
  acmid = {3103140},
  publisher = {IEEE Press},
  address = {Piscataway, NJ, USA},
  keywords = {API, HTTP, REST, automation, case study, documentation, test, tool, web API},
  review={não faz referência ao nome do software},
  really_refers_to_software={no},
}

@inproceedings{Nguyen:2016:LAU:2884781.2884873,
  author = {Nguyen, Tam The and Pham, Hung Viet and Vu, Phong Minh and Nguyen, Tung Thanh},
  title = {Learning API Usages from Bytecode: A Statistical Approach},
  booktitle = {Proceedings of the 38th International Conference on Software Engineering},
  series = {ICSE '16},
  year = {2016},
  isbn = {978-1-4503-3900-1},
  location = {Austin, Texas},
  pages = {416--427},
  numpages = {12},
  url = {http://doi.acm.org/10.1145/2884781.2884873},
  doi = {10.1145/2884781.2884873},
  acmid = {2884873},
  publisher = {ACM},
  address = {New York, NY, USA},
  keywords = {API usage, mobile apps, statistical model},
  review={não faz referência ao nome do software},
  really_refers_to_software={no},
}

@inproceedings{Gerken:2011:CMM:1978942.1979445,
  author = {Gerken, Jens and Jetter, Hans-Christian and Z\"{o}llner, Michael and Mader, Martin and Reiterer, Harald},
  title = {The Concept Maps Method As a Tool to Evaluate the Usability of APIs},
  booktitle = {Proceedings of the SIGCHI Conference on Human Factors in Computing Systems},
  series = {CHI '11},
  year = {2011},
  isbn = {978-1-4503-0228-9},
  location = {Vancouver, BC, Canada},
  pages = {3373--3382},
  numpages = {10},
  url = {http://doi.acm.org/10.1145/1978942.1979445},
  doi = {10.1145/1978942.1979445},
  acmid = {1979445},
  publisher = {ACM},
  address = {New York, NY, USA},
  keywords = {API usability, concept maps, evaluation method, longitudinal},
  review={não faz referência ao nome do software},
  really_refers_to_software={no},
}
