@INPROCEEDINGS{6671315,
  author={J. E. Montandon and H. Borges and D. Felix and M. T. Valente},
  booktitle={2013 20th Working Conference on Reverse Engineering (WCRE)},
  title={Documenting APIs with examples: Lessons learned with the APIMiner platform},
  year={2013},
  pages={401-408},
  keywords={Java;application program interfaces;data mining;software engineering;system documentation;API documentation;API learning process;APIMiner platform;Android API;application programming interfaces;private source code repository;software development;standard Java-based API documentation format;static slicing algorithm;Androids;Computer architecture;Documentation;Google;Humanoid robots;Instruments;Measurement;API documentation;JavaDoc;field study;source code examples},
  doi={10.1109/WCRE.2013.6671315},
  ISSN={1095-1350},
  month={Oct},
  review={cita o software como exemplo de ferramenta para recomendação de API numa tabela comparativa},
  really_refers_to_software={yes},
  contribution_weight={0},
}

@INPROCEEDINGS{7476684,
  author={S. Radevski and H. Hata and K. Matsumoto},
  booktitle={2016 IEEE 23rd International Conference on Software Analysis, Evolution, and Reengineering (SANER)},
  title={Towards Building API Usage Example Metrics},
  year={2016},
  volume={1},
  pages={619-623},
  keywords={Java;application program interfaces;software libraries;software metrics;source code (software);API Web site;API example creation;API libraries;API usage-example metrics;GitHub directory;Java;application program interfaces;class coverage percentage;empirical measurement;example code-to-source code ratio;example coverage;information sources;knowledge base;knowledge sources;source code example metric analysis;Blogs;Documentation;Encoding;Java;Libraries;Measurement;Natural languages;API Usage Metrics;API coverage;API examples;Code Coverage;Example Coverage;Example Metrics;Examples},
  doi={10.1109/SANER.2016.79},
  month={March},
  review={apenas cita o artigo que publicou o software},
  really_refers_to_software={no},
}

@INPROCEEDINGS{6747190,
  author={E. Hill and M. Roldan-Vega and J. A. Fails and G. Mallet},
  booktitle={2014 Software Evolution Week - IEEE Conference on Software Maintenance, Reengineering, and Reverse Engineering (CSMR-WCRE)},
  title={NL-based query refinement and contextualized code search results: A user study},
  year={2014},
  pages={34-43},
  keywords={query formulation;query processing;software maintenance;Eclipse plug-in;NL-based information;NL-based query refinement;contextualized code search;customization;feedback mechanisms;natural language query;query formulation;query reformulation techniques;query words;searching source code;software maintenance tasks;software systems;source code search tools;Accuracy;Java;Maintenance engineering;Natural languages;Search problems;Software maintenance;feature location;software maintenance;source code search},
  doi={10.1109/CSMR-WCRE.2014.6747190},
  month={Feb},
  review={apenas cita o artigo que publicou o software},
  really_refers_to_software={no},
}

@INPROCEEDINGS{7081812,
  author={M. A. Saied and O. Benomar and H. Abdeen and H. Sahraoui},
  booktitle={2015 IEEE 22nd International Conference on Software Analysis, Evolution, and Reengineering (SANER)},
  title={Mining Multi-level API Usage Patterns},
  year={2015},
  pages={23-32},
  keywords={application program interfaces;data mining;software libraries;MLUP;application programming interface;multilevel API usage pattern mining;Clustering algorithms;Context;Documentation;Graphical user interfaces;Java;Layout;Security;API Documentation;API Usage;Software Clustering;Usage Pattern},
  doi={10.1109/SANER.2015.7081812},
  ISSN={1534-5351},
  month={March},
  review={apenas cita o artigo que publicou o software},
  really_refers_to_software={no},
}

@INPROCEEDINGS{7552017,
  author={M. Nadeem and B. J. Williams and G. L. Bradshaw and E. B. Allen},
  booktitle={2016 IEEE 40th Annual Computer Software and Applications Conference (COMPSAC)},
  title={Human Subject Evaluation of Computer-Security Training Recommender},
  year={2016},
  volume={1},
  pages={251-256},
  keywords={information filtering;recommender systems;security of data;software engineering;human subject evaluation;information filtering;mitigation strategy;public vulnerability repository;recommender system;security breach;security vulnerability;software development;software security training;Analysis of variance;Computer architecture;Indexes;Recommender systems;Security;Software;Training;FindBugs;Recommender system;public vulnerability repository;security;software vulnerabilities;static analysis},
  doi={10.1109/COMPSAC.2016.130},
  month={June},
  review={apenas cita o artigo que publicou o software},
  really_refers_to_software={no},
}

@INPROCEEDINGS{6100133,
  author={Lijie Wang and Lu Fang and Leye Wang and Ge Li and Bing Xie and Fuqing Yang},
  booktitle={2011 26th IEEE/ACM International Conference on Automated Software Engineering (ASE 2011)},
  title={APIExample: An effective web search based usage example recommendation system for java APIs},
  year={2011},
  pages={592-595},
  keywords={Internet;Java;application program interfaces;portals;search engines;user interfaces;Eclipse plug-in;Internet;Java API;Java code;Web pages;Web search portal;example recommendation system;friendly user experience;tool clusters;user interface;Data mining;Internet;Java;Portals;Programming;Web pages;Web search;API;recommendation;usage example;web search},
  doi={10.1109/ASE.2011.6100133},
  ISSN={1938-4300},
  month={Nov},
  review={este artigo é o mesmo que publicou o software},
  really_refers_to_software={no},
}
