@inproceedings{Nguyen:2013:DDT:2486788.2486989,
  author = {Nguyen, Hung Viet and Nguyen, Hoan Anh and Nguyen, Tung Thanh and Nguyen, Tien N.},
  title = {DRC: A Detection Tool for Dangling References in PHP-based Web Applications},
  booktitle = {Proceedings of the 2013 International Conference on Software Engineering},
  series = {ICSE '13},
  year = {2013},
  isbn = {978-1-4673-3076-3},
  location = {San Francisco, CA, USA},
  pages = {1299--1302},
  numpages = {4},
  url = {http://dl.acm.org/citation.cfm?id=2486788.2486989},
  acmid = {2486989},
  publisher = {IEEE Press},
  address = {Piscataway, NJ, USA},
  review={os mesmos autores, exceto por 1 autor a mais no artigo selecionado na revisão estruturada, mesmo ano, alguns meses antes do artigo da revisao estruturada, um artigo resumido mas apresentando o software basicamente como no artigo original},
  really_refers_to_software={yes},
  reference_weight={0},
}

@inproceedings{Nguyen:2013:DRM:3107656.3107707,
  author = {Nguyen, Hung Viet and Nguyen, Hoan Anh and Nguyen, Tung Thanh and Nguyen, Anh Tuan and Nguyen, Tien N.},
  title = {Dangling References in Multi-configuration and Dynamic PHP-based Web Applications},
  booktitle = {Proceedings of the 28th IEEE/ACM International Conference on Automated Software Engineering},
  series = {ASE'13},
  year = {2013},
  isbn = {978-1-4799-0215-6},
  location = {Silicon Valley, CA, USA},
  pages = {399--409},
  numpages = {11},
  url = {https://doi.org/10.1109/ASE.2013.6693098},
  doi = {10.1109/ASE.2013.6693098},
  acmid = {3107707},
  publisher = {IEEE Press},
  address = {Piscataway, NJ, USA},
  keywords = {dangling references, web code analysis},
  review={é o mesmo artigo que publicou o software},
  really_refers_to_software={no},
}

@inproceedings{Stilkerich:2014:TUC:2656106.2656129,
  author = {Stilkerich, Isabella and Taffner, Philip and Erhardt, Christoph and Dietrich, Christian and Wawersich, Christian and Stilkerich, Michael},
  title = {Team Up: Cooperative Memory Management in Embedded Systems},
  booktitle = {Proceedings of the 2014 International Conference on Compilers, Architecture and Synthesis for Embedded Systems},
  series = {CASES '14},
  year = {2014},
  isbn = {978-1-4503-3050-3},
  location = {New Delhi, India},
  pages = {10:1--10:10},
  articleno = {10},
  numpages = {10},
  url = {http://doi.acm.org/10.1145/2656106.2656129},
  doi = {10.1145/2656106.2656129},
  acmid = {2656129},
  publisher = {ACM},
  address = {New York, NY, USA},
  keywords = {garbage collection, memory management},
  review={cita o nome do software num contexto não relacionado ao software},
  really_refers_to_software={no},
}

@inproceedings{Ghose:2009:ASL:1874620.1874782,
  author = {Ghose, Saugata and Gilgeous, Latoya and Dudnik, Polina and Aggarwal, Aneesh and Waxman, Corey},
  title = {Architectural Support for Low Overhead Detection of Memory Violations},
  booktitle = {Proceedings of the Conference on Design, Automation and Test in Europe},
  series = {DATE '09},
  year = {2009},
  isbn = {978-3-9810801-5-5},
  location = {Nice, France},
  pages = {652--657},
  numpages = {6},
  url = {http://dl.acm.org/citation.cfm?id=1874620.1874782},
  acmid = {1874782},
  publisher = {European Design and Automation Association},
  address = {3001 Leuven, Belgium, Belgium},
  review={cita o nome do software num contexto não relacionado ao software},
  really_refers_to_software={no},
}

@inproceedings{Joisha:2008:PAN:1346256.1346275,
  author = {Joisha, Pramod G.},
  title = {A Principled Approach to Nondeferred Reference-counting Garbage Collection},
  booktitle = {Proceedings of the Fourth ACM SIGPLAN/SIGOPS International Conference on Virtual Execution Environments},
  series = {VEE '08},
  year = {2008},
  isbn = {978-1-59593-796-4},
  location = {Seattle, WA, USA},
  pages = {131--140},
  numpages = {10},
  url = {http://doi.acm.org/10.1145/1346256.1346275},
  doi = {10.1145/1346256.1346275},
  acmid = {1346275},
  publisher = {ACM},
  address = {New York, NY, USA},
  keywords = {instrumentation, reference counting, static analysis},
  review={cita o nome do software num contexto não relacionado ao software},
  really_refers_to_software={no},
}

@inproceedings{Eshkevari:2014:ILI:2597008.2597153,
  author = {Eshkevari, Laleh and Antoniol, Giuliano and Cordy, James R. and Di Penta, Massimiliano},
  title = {Identifying and Locating Interference Issues in PHP Applications: The Case of WordPress},
  booktitle = {Proceedings of the 22Nd International Conference on Program Comprehension},
  series = {ICPC 2014},
  year = {2014},
  isbn = {978-1-4503-2879-1},
  location = {Hyderabad, India},
  pages = {157--167},
  numpages = {11},
  url = {http://doi.acm.org/10.1145/2597008.2597153},
  doi = {10.1145/2597008.2597153},
  acmid = {2597153},
  publisher = {ACM},
  address = {New York, NY, USA},
  keywords = {Content Management Systems, PHP, dynamic typing, variable interferences},
  review={cita o software como trabalho relacionado},
  really_refers_to_software={yes},
  reference_weight={0},
}

@inproceedings{Stilkerich:2013:JSE:2491899.2465571,
  author = {Stilkerich, Isabella and Strotz, Michael and Erhardt, Christoph and Hoffmann, Martin and Lohmann, Daniel and Scheler, Fabian and Schr\"{o}der-Preikschat, Wolfgang},
  title = {A JVM for Soft-error-prone Embedded Systems},
  booktitle = {Proceedings of the 14th ACM SIGPLAN/SIGBED Conference on Languages, Compilers and Tools for Embedded Systems},
  series = {LCTES '13},
  year = {2013},
  isbn = {978-1-4503-2085-6},
  location = {Seattle, Washington, USA},
  pages = {21--32},
  numpages = {12},
  url = {http://doi.acm.org/10.1145/2465554.2465571},
  doi = {10.1145/2465554.2465571},
  acmid = {2465571},
  publisher = {ACM},
  address = {New York, NY, USA},
  keywords = {KESO, RTSJ, embedded systems, java, real-time systems, reliability},
  review={o nome do software ocorre num contexto não relacionado ao software},
  really_refers_to_software={no},
}

@article{Stilkerich:2013:JSE:2499369.2465571,
  author = {Stilkerich, Isabella and Strotz, Michael and Erhardt, Christoph and Hoffmann, Martin and Lohmann, Daniel and Scheler, Fabian and Schr\"{o}der-Preikschat, Wolfgang},
  title = {A JVM for Soft-error-prone Embedded Systems},
  journal = {SIGPLAN Not.},
  issue_date = {May 2013},
  volume = {48},
  number = {5},
  month = jun,
  year = {2013},
  issn = {0362-1340},
  pages = {21--32},
  numpages = {12},
  url = {http://doi.acm.org/10.1145/2499369.2465571},
  doi = {10.1145/2499369.2465571},
  acmid = {2465571},
  publisher = {ACM},
  address = {New York, NY, USA},
  keywords = {KESO, RTSJ, embedded systems, java, real-time systems, reliability},
  review={item duplicado},
  really_refers_to_software={no},
}

@inproceedings{Nguyen:2014:BCG:2635868.2635928,
  author = {Nguyen, Hung Viet and K\"{a}stner, Christian and Nguyen, Tien N.},
  title = {Building Call Graphs for Embedded Client-side Code in Dynamic Web Applications},
  booktitle = {Proceedings of the 22Nd ACM SIGSOFT International Symposium on Foundations of Software Engineering},
  series = {FSE 2014},
  year = {2014},
  isbn = {978-1-4503-3056-5},
  location = {Hong Kong, China},
  pages = {518--529},
  numpages = {12},
  url = {http://doi.acm.org/10.1145/2635868.2635928},
  doi = {10.1145/2635868.2635928},
  acmid = {2635928},
  publisher = {ACM},
  address = {New York, NY, USA},
  keywords = {Call Graphs, Embedded Code, Web Code Analysis},
  review={cita o software como trabalho relacionado},
  really_refers_to_software={yes},
  reference_weight={0},
}

@article{Stilkerich:2015:PGA:2808704.2754961,
  author = {Stilkerich, Isabella and Lang, Clemens and Erhardt, Christoph and Stilkerich, Michael},
  title = {A Practical Getaway: Applications of Escape Analysis in Embedded Real-Time Systems},
  journal = {SIGPLAN Not.},
  issue_date = {May 2015},
  volume = {50},
  number = {5},
  month = jun,
  year = {2015},
  issn = {0362-1340},
  pages = {4:1--4:11},
  articleno = {4},
  numpages = {11},
  url = {http://doi.acm.org/10.1145/2808704.2754961},
  doi = {10.1145/2808704.2754961},
  acmid = {2754961},
  publisher = {ACM},
  address = {New York, NY, USA},
}

@inproceedings{Stilkerich:2015:PGA:2670529.2754961,
  author = {Stilkerich, Isabella and Lang, Clemens and Erhardt, Christoph and Stilkerich, Michael},
  title = {A Practical Getaway: Applications of Escape Analysis in Embedded Real-Time Systems},
  booktitle = {Proceedings of the 16th ACM SIGPLAN/SIGBED Conference on Languages, Compilers and Tools for Embedded Systems 2015 CD-ROM},
  series = {LCTES'15},
  year = {2015},
  isbn = {978-1-4503-3257-6},
  location = {Portland, OR, USA},
  pages = {4:1--4:11},
  articleno = {4},
  numpages = {11},
  url = {http://doi.acm.org/10.1145/2670529.2754961},
  doi = {10.1145/2670529.2754961},
  acmid = {2754961},
  publisher = {ACM},
  address = {New York, NY, USA},
  review={item duplicado},
  really_refers_to_software={no},
}

@inproceedings{Shapiro:1992:RDR:135419.135448,
  author = {Shapiro, Marc and Dickman, Peter and Plainfoss{\'e}, David},
  title = {Robust, Distributed References and Acyclic Garbage Collection},
  booktitle = {Proceedings of the Eleventh Annual ACM Symposium on Principles of Distributed Computing},
  series = {PODC '92},
  year = {1992},
  isbn = {0-89791-495-3},
  location = {Vancouver, British Columbia, Canada},
  pages = {135--146},
  numpages = {12},
  url = {http://doi.acm.org/10.1145/135419.135448},
  doi = {10.1145/135419.135448},
  acmid = {135448},
  publisher = {ACM},
  address = {New York, NY, USA},
  review={não faz referência ao nome do software},
  really_refers_to_software={no},
}

@article{Hossain:2015:MGN:2810396.2701428,
  author = {Hossain, Nahid M. and Chowdhury, Masud H.},
  title = {Multilayer Graphene Nanoribbon and Carbon Nanotube Based Floating Gate Transistor for Nonvolatile Flash Memory},
  journal = {J. Emerg. Technol. Comput. Syst.},
  issue_date = {July 2015},
  volume = {12},
  number = {1},
  month = aug,
  year = {2015},
  issn = {1550-4832},
  pages = {2:1--2:17},
  articleno = {2},
  numpages = {17},
  url = {http://doi.acm.org/10.1145/2701428},
  doi = {10.1145/2701428},
  acmid = {2701428},
  publisher = {ACM},
  address = {New York, NY, USA},
  keywords = {Graphene nanoribbon (GNR), capacitance models, carbon nanotube (CNT), control and tunneling oxides, erasing, floating gate transistor (FGT), low power design, multilayer GNR (MLGNR), nanotechnology, nonvolatile flash memory (NVM), programming},
  review={não faz referência ao nome do software},
  really_refers_to_software={no},
}

@article{Stilkerich:2017:PGU:3092956.3035542,
  author = {Stilkerich, Isabella and Lang, Clemens and Erhardt, Christoph and Bay, Christian and Stilkerich, Michael},
  title = {The Perfect Getaway: Using Escape Analysis in Embedded Real-Time Systems},
  journal = {ACM Trans. Embed. Comput. Syst.},
  issue_date = {July 2017},
  volume = {16},
  number = {4},
  month = may,
  year = {2017},
  issn = {1539-9087},
  pages = {99:1--99:30},
  articleno = {99},
  numpages = {30},
  url = {http://doi.acm.org/10.1145/3035542},
  doi = {10.1145/3035542},
  acmid = {3035542},
  publisher = {ACM},
  address = {New York, NY, USA},
  keywords = {Escape analysis, JVM, KESO, memory management, regional memory},
  review={o nome do software ocorre num contexto não relacionado ao software},
  really_refers_to_software={no},
}

@article{Wilcox:1977:ALS:956641.956648,
  author = {Wilcox, Thomas R.},
  title = {Aspen Language Specifications},
  journal = {SIGPLAN Not.},
  issue_date = {November 1977},
  volume = {12},
  number = {11},
  month = nov,
  year = {1977},
  issn = {0362-1340},
  pages = {70--87},
  numpages = {18},
  url = {http://doi.acm.org/10.1145/956641.956648},
  doi = {10.1145/956641.956648},
  acmid = {956648},
  publisher = {ACM},
  address = {New York, NY, USA},
  review={não faz referência ao nome do software},
  really_refers_to_software={no},
}

@inproceedings{Shenoy:1987:SSQ:38713.38736,
  author = {Shenoy, Sreekumar T. and Ozsoyoglu, Z. Meral},
  title = {A System for Semantic Query Optimization},
  booktitle = {Proceedings of the 1987 ACM SIGMOD International Conference on Management of Data},
  series = {SIGMOD '87},
  year = {1987},
  isbn = {0-89791-236-5},
  location = {San Francisco, California, USA},
  pages = {181--195},
  numpages = {15},
  url = {http://doi.acm.org/10.1145/38713.38736},
  doi = {10.1145/38713.38736},
  acmid = {38736},
  publisher = {ACM},
  address = {New York, NY, USA},
  review={o nome do software faz parte de uma fórmula matemática},
  really_refers_to_software={no},
}

@article{Shenoy:1987:SSQ:38714.38736,
  author = {Shenoy, Sreekumar T. and Ozsoyoglu, Z. Meral},
  title = {A System for Semantic Query Optimization},
  journal = {SIGMOD Rec.},
  issue_date = {Dec. 1987},
  volume = {16},
  number = {3},
  month = dec,
  year = {1987},
  issn = {0163-5808},
  pages = {181--195},
  numpages = {15},
  url = {http://doi.acm.org/10.1145/38714.38736},
  doi = {10.1145/38714.38736},
  acmid = {38736},
  publisher = {ACM},
  address = {New York, NY, USA},
  review={item duplicado},
  really_refers_to_software={no},
}

@inproceedings{Nguyen:2015:CPS:2786805.2786872,
  author = {Nguyen, Hung Viet and K\"{a}stner, Christian and Nguyen, Tien N.},
  title = {Cross-language Program Slicing for Dynamic Web Applications},
  booktitle = {Proceedings of the 2015 10th Joint Meeting on Foundations of Software Engineering},
  series = {ESEC/FSE 2015},
  year = {2015},
  isbn = {978-1-4503-3675-8},
  location = {Bergamo, Italy},
  pages = {369--380},
  numpages = {12},
  url = {http://doi.acm.org/10.1145/2786805.2786872},
  doi = {10.1145/2786805.2786872},
  acmid = {2786872},
  publisher = {ACM},
  address = {New York, NY, USA},
  keywords = {Program slicing, cross-language analysis, dynamic web applications},
  review={cita o software como trabalho relacionado},
  really_refers_to_software={yes},
  reference_weight={0},
}
