@INPROCEEDINGS{7832890,
  author={F. Trautsch and S. Herbold and P. Makedonski and J. Grabowski},
  booktitle={2016 IEEE/ACM 13th Working Conference on Mining Software Repositories (MSR)},
  title={Adressing Problems with External Validity of Repository Mining Studies Through a Smart Data Platform},
  year={2016},
  pages={97-108},
  keywords={cloud computing;data analysis;data mining;software engineering;storage management;SmartSHARK prototype;cloud-based platform;data analytics;data collection;external validity;result replication;smart data platform;software repository mining;Data analysis;Data collection;Data mining;Prototypes;Social network services;Software;Sparks;smart data;software analytics;software mining},
  doi={10.1109/MSR.2016.019},
  month={May},
  review={apenas cita o artigo que publicou o software},
  really_refers_to_software={no},
}

@INPROCEEDINGS{4609423,
  author={N. Ubayashi and Y. Sato and A. Sakai and T. Tamai},
  booktitle={2008 Sixth International Conference on Software Engineering Research, Management and Applications},
  title={Alloy-Based Lightweight Verification for Aspect-Oriented Architecture},
  year={2008},
  pages={171-178},
  keywords={Java;program verification;software architecture;AOP language;alloy-based lightweight verification;architecture description language;aspect-oriented architecture;ccJava;component-and-connector architecture;relational logic;structural modeling language;weaving-interface mechanism;Architecture description languages;Computer architecture;Conference management;Engineering management;Java;Logic;Programming profession;Software engineering;Technology management;Weaving;AOP;Alloy;Component-and-connector architecture;Verification},
  doi={10.1109/SERA.2008.12},
  month={Aug},
  review={contribui com um método de codificação que transforma código ccJava em modelo Alloy (alloy.mit.edu), o software é um trabalho anterior dos mesmos autores},
  really_refers_to_software={yes},
  mention_type={contribute},
}

@INPROCEEDINGS{6062075,
  author={N. Ubayashi and J. Nomura and T. Tamai},
  booktitle={2010 ACM/IEEE 32nd International Conference on Software Engineering},
  title={Archface: a contract place where architectural design and code meet together},
  year={2010},
  volume={1},
  pages={75-84},
  keywords={software architecture;ADL;Archface;architectural design;architecture description language;component-and-connector architecture;interface mechanism;program implementation;programming level interface;software evolution;Computational modeling;Computer architecture;Connectors;Observers;Software;Unified modeling language;Weaving;ADL;architecture;bidirectional trace-ability;co-evolution;interface;predicate coordination},
  doi={10.1145/1806799.1806815},
  ISSN={0270-5257},
  month={May},
  review={apresenta um software que é evolução do ccJava mas mais genérico, projeto chamado Archface é voltado para programação e também design arquitetural, mesmos autores},
  really_refers_to_software={yes},
  mention_type={cite},
  weightless_contributions={Archface},
}
