@inproceedings{5762715,
  author = {S. Bock and B. Childers and R. Melhem and D. Mossé and Y. Zhang},
  booktitle = {(IEEE ISPASS) IEEE International Symposium on Performance Analysis of Systems and Software},
  title = {Analyzing the impact of useless write-backs on the endurance and energy consumption of PCM main memory},
  year = {2011},
  pages = {56-65},
  keywords = {DRAM chips;phase change memories;power aware computing;DRAM main memory;PCM main memory;dead memory region;dirty cache line;endurance consumption;energy consumption;phase change memory;Data structures;Energy consumption;Instruments;Memory management;Phase change materials;Random access memory},
  doi = {10.1109/ISPASS.2011.5762715},
  month = {April},
  review = {cita o nome do software num contexto não relacionado ao software},
  really_refers_to_software = {no},
}

@inproceedings{6385435,
  booktitle = {2012 IEEE/RSJ International Conference on Intelligent Robots and Systems},
  title = {Book of abstracts},
  year = {2012},
  pages = {1-210},
  doi = {10.1109/IROS.2012.6385435},
  issn = {2153-0858},
  month = {Oct},
  review = {cita o nome do software num contexto não relacionado ao software},
  really_refers_to_software = {no},
}

@inproceedings{Rupprecht:2016:PID:2976749.2989041,
  author = {Rupprecht, Thomas and Chen, Xi and White, David H. and M\"{u}hlberg, Jan Tobias and Bos, Herbert and L\"{u}ttgen, Gerald},
  title = {POSTER: Identifying Dynamic Data Structures in Malware},
  booktitle = {Proceedings of the 2016 ACM SIGSAC Conference on Computer and Communications Security},
  series = {CCS '16},
  year = {2016},
  isbn = {978-1-4503-4139-4},
  location = {Vienna, Austria},
  pages = {1772--1774},
  numpages = {3},
  url = {http://doi.acm.org/10.1145/2976749.2989041},
  doi = {10.1145/2976749.2989041},
  acmid = {2989041},
  publisher = {ACM},
  address = {New York, NY, USA},
  keywords = {data structure identification, malware, program signatures, reverse engineering},
  review = {não faz referência ao nome do software},
  really_refers_to_software = {no},
}

@inproceedings{4636098,
  author = {A. Ruiz-Alvarez and K. Hazelwood},
  booktitle = {2008 IEEE International Symposium on Workload Characterization},
  title = {Evaluating the impact of dynamic binary translation systems on hardware cache performance},
  year = {2008},
  pages = {131-140},
  keywords = {cache storage;program interpreters;software performance evaluation;DynamoRIO;Pin;dynamic binary translation systems;hardware cache performance;program instrumentation;software code cache;Analytical models;Application software;Counting circuits;Degradation;Hardware;Instruments;Microarchitecture;Performance analysis;Performance evaluation;Security},
  doi = {10.1109/IISWC.2008.4636098},
  month = {Sept},
  review = {não faz referência ao nome do software},
  really_refers_to_software = {no},
}

@inproceedings{Grechanik:2007:FEC:1321631.1321671,
  author = {Grechanik, Mark},
  title = {Finding Errors in Components That Exchange Xml Data},
  booktitle = {Proceedings of the Twenty-second IEEE/ACM International Conference on Automated Software Engineering},
  series = {ASE '07},
  year = {2007},
  isbn = {978-1-59593-882-4},
  location = {Atlanta, Georgia, USA},
  pages = {264--273},
  numpages = {10},
  url = {http://doi.acm.org/10.1145/1321631.1321671},
  doi = {10.1145/1321631.1321671},
  acmid = {1321671},
  publisher = {ACM},
  address = {New York, NY, USA},
  keywords = {XML schema, bisimulation, interoperability, program analysis, schema validator, symbolic execution},
  review = {cita o nome do software num contexto não relacionado ao software},
  really_refers_to_software = {no},
}

@inproceedings{4400373,
  author = {M. B. Radulovic and M. V. Tomasevic},
  booktitle = {EUROCON 2007 - The International Conference on "Computer as a Tool"},
  title = {Towards an Improved Integrated Coherence and Speculation Protocol},
  year = {2007},
  pages = {405-412},
  keywords = {microprocessor chips;multi-threading;protocols;bursty network traffic;hardware-software overhead;integrated coherence speculation protocol;speculative chip multiprocessors;thread level speculation;thread replacement policy;Application software;Collaborative software;Computer architecture;Delay;Hardware;Proposals;Protocols;Registers;Static VAr compensators;Yarn;coherence protocols;single chip multiprocessors;thread-level speculation},
  doi = {10.1109/EURCON.2007.4400373},
  month = {Sept},
  review = {cita o nome do software num contexto não relacionado ao software},
  really_refers_to_software = {no},
}

@inproceedings{Padhye:2017:TRD:3097368.3097425,
  author = {Padhye, Rohan and Sen, Koushik},
  title = {Travioli: A Dynamic Analysis for Detecting Data-structure Traversals},
  booktitle = {Proceedings of the 39th International Conference on Software Engineering},
  series = {ICSE '17},
  year = {2017},
  isbn = {978-1-5386-3868-2},
  location = {Buenos Aires, Argentina},
  pages = {473--483},
  numpages = {11},
  url = {https://doi.org/10.1109/ICSE.2017.50},
  doi = {10.1109/ICSE.2017.50},
  acmid = {3097425},
  publisher = {IEEE Press},
  address = {Piscataway, NJ, USA},
  review = {não faz referência ao nome do software},
  really_refers_to_software = {no},
}

@inproceedings{White:2016:DEA:2931037.2931071,
  author = {White, David H. and Rupprecht, Thomas and L\"{u}ttgen, Gerald},
  title = {DSI: An Evidence-based Approach to Identify Dynamic Data Structures in C Programs},
  booktitle = {Proceedings of the 25th International Symposium on Software Testing and Analysis},
  series = {ISSTA 2016},
  year = {2016},
  isbn = {978-1-4503-4390-9},
  location = {Saarbr\&\#252;cken, Germany},
  pages = {259--269},
  numpages = {11},
  url = {http://doi.acm.org/10.1145/2931037.2931071},
  doi = {10.1145/2931037.2931071},
  acmid = {2931071},
  publisher = {ACM},
  address = {New York, NY, USA},
  keywords = {Data structure identification, dynamic data structures, pointer programs, program comprehension},
  review = {não faz referência ao nome do software},
  really_refers_to_software = {no},
}

@inproceedings{1291361,
  author = {I. Chihaia and T. Gross},
  booktitle = {IEEE International Symposium on - ISPASS Performance Analysis of Systems and Software, 2004},
  title = {Effectiveness of simple memory models for performance prediction},
  year = {2004},
  pages = {98-105},
  keywords = {benchmark testing;memory architecture;software performance evaluation;CHARMM;Chemistry at HARvard Molecular Mechanics;application execution time estimation;application performance prediction;continuous accesses;continuous memory accesses;irregular application;memory access types;memory system performance;micro-benchmarking;performance estimates;random accesses;regular application;simple memory models;stride memory accesses;Analytical models;Application software;Chemistry;Computational efficiency;Computational modeling;Kernel;Modems;Predictive models;Runtime;Systems engineering and theory},
  doi = {10.1109/ISPASS.2004.1291361},
  month = {},
  review = {cita o nome do software num contexto não relacionado ao software},
  really_refers_to_software = {no},
}

@inproceedings{6671278,
  author = {I. Haller and A. Slowinska and H. Bos},
  booktitle = {2013 20th Working Conference on Reverse Engineering (WCRE)},
  title = {MemPick: High-level data structure detection in C/C++ binaries},
  year = {2013},
  pages = {32-41},
  keywords = {C++ language;data structures;pattern classification;C-C++ binaries;MemPick;high-level data structure classification;high-level data structure detection;low-level programming constructs;memory objects;stripped binaries;Binary trees;Libraries;Resource management;Reverse engineering;Shape;Vegetation},
  doi = {10.1109/WCRE.2013.6671278},
  issn = {1095-1350},
  month = {Oct},
  review = {não faz referência ao nome do software},
  really_refers_to_software = {no},
}

@inproceedings{Ullah:2015:PDP:2837476.2837478,
  author = {Ullah, Faheem and Gross, Thomas R.},
  title = {Profiling for Detecting Performance Anomalies in Concurrent Software},
  booktitle = {Proceedings of the 2Nd International Workshop on Software Engineering for Parallel Systems},
  series = {SEPS 2015},
  year = {2015},
  isbn = {978-1-4503-3910-0},
  location = {Pittsburgh, PA, USA},
  pages = {11--20},
  numpages = {10},
  url = {http://doi.acm.org/10.1145/2837476.2837478},
  doi = {10.1145/2837476.2837478},
  acmid = {2837478},
  publisher = {ACM},
  address = {New York, NY, USA},
  keywords = {Dynamic binary instrumentation, Localisation, Measurement, Parallel programming, Performance bugs, Profiling, Software defects},
  review = {não faz referência ao nome do software},
  really_refers_to_software = {no},
}

@inproceedings{Lattner:2007:MCP:1250734.1250766,
  author = {Lattner, Chris and Lenharth, Andrew and Adve, Vikram},
  title = {Making Context-sensitive Points-to Analysis with Heap Cloning Practical for the Real World},
  booktitle = {Proceedings of the 28th ACM SIGPLAN Conference on Programming Language Design and Implementation},
  series = {PLDI '07},
  year = {2007},
  isbn = {978-1-59593-633-2},
  location = {San Diego, California, USA},
  pages = {278--289},
  numpages = {12},
  url = {http://doi.acm.org/10.1145/1250734.1250766},
  doi = {10.1145/1250734.1250766},
  acmid = {1250766},
  publisher = {ACM},
  address = {New York, NY, USA},
  keywords = {context-sensitive, field-sensitive, interprocedural, pointer analysis, recursive data structure, static analysis},
  review = {não faz referência ao nome do software},
  really_refers_to_software = {no},
}

@inproceedings{Liang:2010:DEP:1869459.1869494,
  author = {Liang, Percy and Tripp, Omer and Naik, Mayur and Sagiv, Mooly},
  title = {A Dynamic Evaluation of the Precision of Static Heap Abstractions},
  booktitle = {Proceedings of the ACM International Conference on Object Oriented Programming Systems Languages and Applications},
  series = {OOPSLA '10},
  year = {2010},
  isbn = {978-1-4503-0203-6},
  location = {Reno/Tahoe, Nevada, USA},
  pages = {411--427},
  numpages = {17},
  url = {http://doi.acm.org/10.1145/1869459.1869494},
  doi = {10.1145/1869459.1869494},
  acmid = {1869494},
  publisher = {ACM},
  address = {New York, NY, USA},
  keywords = {concurrency, dynamic analysis, heap abstractions, static analysis},
  review = {não faz referência ao nome do software},
  really_refers_to_software = {no},
}

@article{4079516,
  author = {Y. Zhong and S. G. Dropsho and X. Shen and A. Studer and C. Ding},
  journal = {IEEE Transactions on Computers},
  title = {Miss Rate Prediction Across Program Inputs and Cache Configurations},
  year = {2007},
  volume = {56},
  number = {3},
  pages = {328-343},
  keywords = {cache storage;data structures;data visualisation;program compilers;array data structure;cache memory;cache miss rate prediction;compiler transformation;floating-point program;integer program;interactive visualization tool;locality analysis;pointer-based data structure;program data size;Cache memories;compilers;modeling techniques;optimization.;performance analysis and design aids},
  doi = {10.1109/TC.2007.50},
  issn = {0018-9340},
  month = {March},
  review = {cita o nome do software num contexto não relacionado ao software},
  really_refers_to_software = {no},
}

@article{Allen:1982:IDS:356876.356882,
  author = {Allen, Frank W. and Loomis, Mary E. S. and Mannino, Michael V.},
  title = {The Integrated Dictionary/Directory System},
  journal = {ACM Comput. Surv.},
  issue_date = {June 1982},
  volume = {14},
  number = {2},
  month = {June},
  year = {1982},
  issn = {0360-0300},
  pages = {245--286},
  numpages = {42},
  url = {http://doi.acm.org/10.1145/356876.356882},
  doi = {10.1145/356876.356882},
  acmid = {356882},
  publisher = {ACM},
  address = {New York, NY, USA},
  review = {cita o nome do software num contexto não relacionado ao software},
  really_refers_to_software = {no},
}

@article{Caballero:2016:TIE:2891449.2896499,
  author = {Caballero, Juan and Lin, Zhiqiang},
  title = {Type Inference on Executables},
  journal = {ACM Comput. Surv.},
  issue_date = {May 2016},
  volume = {48},
  number = {4},
  month = {May},
  year = {2016},
  issn = {0360-0300},
  pages = {65:1--65:35},
  articleno = {65},
  numpages = {35},
  url = {http://doi.acm.org/10.1145/2896499},
  doi = {10.1145/2896499},
  acmid = {2896499},
  publisher = {ACM},
  address = {New York, NY, USA},
  keywords = {Type inference, binary code analysis, program executables},
  review = {cita o nome do software num contexto não relacionado ao software},
  really_refers_to_software = {no},
}

@inproceedings{1631121,
  author = {S. Pheng and C. Verbrugge},
  booktitle = {14th IEEE International Conference on Program Comprehension (ICPC'06)},
  title = {Dynamic Data Structure Analysis for Java Programs},
  year = {2006},
  pages = {191-201},
  keywords = {Java;data structures;program diagnostics;reverse engineering;storage management;Java program;dynamic data structure analysis;execution trace;garbage collection;heap-based data structure;object-oriented language;program understanding;static analysis;Computer science;Data analysis;Data structures;Data visualization;Debugging;Information analysis;Java;Mirrors;Runtime;Shape},
  doi = {10.1109/ICPC.2006.20},
  issn = {1092-8138},
  month = {},
  review = {não faz referência ao nome do software},
  really_refers_to_software = {no},
}

@inproceedings{6957226,
  author = {E. Park and C. Kartsaklis and J. Cavazos},
  booktitle = {2014 43rd International Conference on Parallel Processing},
  title = {HERCULES: Strong Patterns towards More Intelligent Predictive Modeling},
  year = {2014},
  pages = {172-181},
  keywords = {optimising compilers;program control structures;program diagnostics;search problems;HERCULES;code features;compiler optimization;data dependency;intelligent predictive modeling;loop patterns;multicore systems;optimization combination;optimization search space;pattern-driven system;program analysis technique;program characterization techniques;static technique;Arrays;Data mining;Feature extraction;Optimization;Pattern matching;Predictive models;Radiation detectors;compiler optimization;machine learning;pattern-based program characterization;predictive modeling},
  doi = {10.1109/ICPP.2014.26},
  issn = {0190-3918},
  month = {Sept},
  review = {cita o nome do software num contexto não relacionado ao software},
  really_refers_to_software = {no},
}

@inproceedings{6267930,
  author = {Q. Niu and J. Dinan and Q. Lu and P. Sadayappan},
  booktitle = {2012 IEEE 26th International Parallel and Distributed Processing Symposium},
  title = {PARDA: A Fast Parallel Reuse Distance Analysis Algorithm},
  year = {2012},
  pages = {1284-1294},
  keywords = {cache storage;parallel processing;PARDA;SPEC CPU 2006 benchmark suite;cache size upper bound;data cache locality characterization;memory address trace analysis;parallel reuse distance analysis algorithm;stack histogram model;tunable parameter;Algorithm design and analysis;Analytical models;Arrays;Histograms;Optimization;Parallel algorithms;Program processors;Caching;Data Locality;LRU Stack Distance;Performance Analysis;Reuse Distance},
  doi = {10.1109/IPDPS.2012.117},
  issn = {1530-2075},
  month = {May},
  review = {cita o nome do software num contexto não relacionado ao software},
  really_refers_to_software = {no},
}

@inproceedings{7081839,
  author = {V. Singh and R. Gupta and I. Neamtiu},
  booktitle = {2015 IEEE 22nd International Conference on Software Analysis, Evolution, and Reengineering (SANER)},
  title = {MG++: Memory graphs for analyzing dynamic data structures},
  year = {2015},
  pages = {291-300},
  keywords = {data structures;program debugging;source code (software);storage management;MG++;binary instrumentation-based algorithm;dynamically allocated data structures;fault location;heap buffer overflow attacks;in-program memory management;memory allocator functions;memory graph construction algorithm;memory graph representation;program debugging;source code statements;symbol table information;Data structures;Debugging;Fault location;History;Instruments;Memory management;Runtime;buffer overflow attacks;evolution history;fault location;memory allocator history;memory graph},
  doi = {10.1109/SANER.2015.7081839},
  issn = {1534-5351},
  month = {March},
  review = {não faz referência ao nome do software},
  really_refers_to_software = {no},
}

@inproceedings{5409926,
  author = {M. Gauger and P. J. Marrón and C. Niedermeier},
  booktitle = {2009 Sixth International Conference on Networked Sensing Systems (INSS)},
  title = {TinyModules: Code module exchange in TinyOS},
  year = {2009},
  pages = {1-8},
  keywords = {operating systems (computers);telecommunication computing;wireless sensor networks;TinyModules;TinyOS;code module exchange;code update mechanism;sensor nodes;wireless sensor network;Cost function;Energy consumption;Image sensors;Interference;Operating systems;Telecommunication traffic;Wireless sensor networks},
  doi = {10.1109/INSS.2009.5409926},
  month = {June},
  review = {cita um tal MSP-GCC, n tenho certeza de ser o MSP},
  really_refers_to_software = {yes},
  contribution_weight = {0.1},
  weightless_contributions = {MSP-GCC},
}

@inproceedings{1633516,
  author = {D. Dhurjati and V. Adve},
  booktitle = {International Conference on Dependable Systems and Networks (DSN'06)},
  title = {Efficiently Detecting All Dangling Pointer Uses in Production Servers},
  year = {2006},
  pages = {269-280},
  keywords = {paged storage;software reusability;storage allocation;automatic pool allocation;compiler transformation;memory allocation;page protection mechanism;physical memory usage;pointer detection;production server;virtual address space exhaustion;virtual page;Buffer overflow;Debugging;Electric fences;Embedded software;Embedded system;Engineering profession;Production;Protection;Runtime;Software performance},
  doi = {10.1109/DSN.2006.31},
  issn = {1530-0889},
  month = {June},
  review = {não faz referência ao nome do software},
  really_refers_to_software = {no},
}

@article{Ding:2002:CRM:773039.773040,
  author = {Ding, Chen and Zhong, Yutao},
  title = {Compiler-directed Run-time Monitoring of Program Data Access},
  journal = {SIGPLAN Not.},
  issue_date = {February 2003},
  volume = {38},
  number = {2 supplement},
  month = {June},
  year = {2002},
  issn = {0362-1340},
  pages = {1--12},
  numpages = {12},
  url = {http://doi.acm.org/10.1145/773039.773040},
  doi = {10.1145/773039.773040},
  acmid = {773040},
  publisher = {ACM},
  address = {New York, NY, USA},
  review = {não faz referência ao nome do software},
  really_refers_to_software = {no},
}

@inproceedings{Wires:2014:CSW:2685048.2685075,
  author = {Wires, Jake and Ingram, Stephen and Drudi, Zachary and Harvey, Nicholas J. A. and Warfield, Andrew},
  title = {Characterizing Storage Workloads with Counter Stacks},
  booktitle = {Proceedings of the 11th USENIX Conference on Operating Systems Design and Implementation},
  series = {OSDI'14},
  year = {2014},
  isbn = {978-1-931971-16-4},
  location = {Broomfield, CO},
  pages = {335--349},
  numpages = {15},
  url = {http://dl.acm.org/citation.cfm?id=2685048.2685075},
  acmid = {2685075},
  publisher = {USENIX Association},
  address = {Berkeley, CA, USA},
  review = {não faz referência ao nome do software},
  really_refers_to_software = {no},
}

@inproceedings{Grechanik:2007:FEI:1270232.1270282,
  author = {Grechanik, Mark},
  title = {Finding Errors in Interoperating Components},
  booktitle = {Proceedings of the Second International Workshop on Incorporating COTS Software into Software Systems: Tools and Techniques},
  series = {IWICSS '07},
  year = {2007},
  isbn = {0-7695-2966-6},
  pages = {3--},
  url = {http://dx.doi.org/10.1109/IWICSS.2007.5},
  doi = {10.1109/IWICSS.2007.5},
  acmid = {1270282},
  publisher = {IEEE Computer Society},
  address = {Washington, DC, USA},
  review = {cita o nome do software num contexto não relacionado ao software},
  really_refers_to_software = {no},
}

@article{Cooprider:2007:OCO:1273442.1250776,
  author = {Cooprider, Nathan Dean and Regehr, John David},
  title = {Offline Compression for On-chip Ram},
  journal = {SIGPLAN Not.},
  issue_date = {June 2007},
  volume = {42},
  number = {6},
  month = {June},
  year = {2007},
  issn = {0362-1340},
  pages = {363--372},
  numpages = {10},
  url = {http://doi.acm.org/10.1145/1273442.1250776},
  doi = {10.1145/1273442.1250776},
  acmid = {1250776},
  publisher = {ACM},
  address = {New York, NY, USA},
  keywords = {TinyOS, data compression, embedded software, memory optimization, sensor networks, static analysis},
  review = {não faz referência ao nome do software},
  really_refers_to_software = {no},
}

@inproceedings{5644905,
  author = {M. Burtscher and B. D. Kim and J. Diamond and J. McCalpin and L. Koesterke and J. Browne},
  booktitle = {2010 ACM/IEEE International Conference for High Performance Computing, Networking, Storage and Analysis},
  title = {PerfExpert: An Easy-to-Use Performance Diagnosis Tool for HPC Applications},
  year = {2010},
  pages = {1-11},
  keywords = {optimisation;parallel machines;program compilers;user interfaces;HPC applications;PerfExpert;Ranger supercomputer;compiler switches;multicore compute nodes;multisocket compute nodes;performance diagnosis tool;performance optimization;sophisticated analysis engine;user interface;Optimization;Radiation detectors;Runtime;Semiconductor device measurement;Supercomputers;Upper bound},
  doi = {10.1109/SC.2010.41},
  issn = {2167-4329},
  month = {Nov},
  review = {cita o nome do software num contexto não relacionado ao software},
  really_refers_to_software = {no},
}

@article{2004:1026474,
  journal = {SIGPLAN Not.},
  year = {2004},
  issn = {0362-1340},
  volume = {39},
  number = {8},
  issue_date = {August 2004},
  publisher = {ACM},
  address = {New York, NY, USA},
  key = {{$\!\!$}},
  review = {resultado da busca sem titulo, numero doi, autor, etc},
  really_refers_to_software = {no},
}

@inproceedings{Anger:2014:AMI:2688361.2688367,
  author = {Anger, Eric and Yalamanchili, Sudhakar and Pakin, Scott and McCormick, Patrick},
  title = {Architecture-independent Modeling of Intra-node Data Movement},
  booktitle = {Proceedings of the 2014 LLVM Compiler Infrastructure in HPC},
  series = {LLVM-HPC '14},
  year = {2014},
  isbn = {978-1-4799-7023-0},
  location = {New Orleans, Louisiana},
  pages = {29--39},
  numpages = {11},
  url = {http://dx.doi.org/10.1109/LLVM-HPC.2014.6},
  doi = {10.1109/LLVM-HPC.2014.6},
  acmid = {2688367},
  publisher = {IEEE Press},
  address = {Piscataway, NJ, USA},
  review = {não faz referência ao nome do software},
  really_refers_to_software = {no},
}

@inproceedings{4663796,
  author = {J. Cavazos},
  booktitle = {2008 IEEE International Conference on Cluster Computing},
  title = {Intelligent compilers},
  year = {2008},
  pages = {360-368},
  keywords = {microprocessor chips;program compilers;software portability;computer systems;intelligent compilers;multicore hardware design choices;multicore processors;petascale computing systems;Application software;Clocks;Computer architecture;Computer industry;Embedded computing;Hardware;Multicore processing;Optimizing compilers;Prototypes;Software performance},
  doi = {10.1109/CLUSTR.2008.4663796},
  issn = {1552-5244},
  month = {Sept},
  review = {cita o nome do software num contexto não relacionado ao software},
  really_refers_to_software = {no},
}

@inproceedings{Pustogarov:2017:UPA:3052973.3053038,
  author = {Pustogarov, Ivan and Ristenpart, Thomas and Shmatikov, Vitaly},
  title = {Using Program Analysis to Synthesize Sensor Spoofing Attacks},
  booktitle = {Proceedings of the 2017 ACM on Asia Conference on Computer and Communications Security},
  series = {ASIA CCS '17},
  year = {2017},
  isbn = {978-1-4503-4944-4},
  location = {Abu Dhabi, United Arab Emirates},
  pages = {757--770},
  numpages = {14},
  url = {http://doi.acm.org/10.1145/3052973.3053038},
  doi = {10.1145/3052973.3053038},
  acmid = {3053038},
  publisher = {ACM},
  address = {New York, NY, USA},
  keywords = {embedded systems, signal spoofing, symbolic execution},
  review = {cita o nome do software num contexto não relacionado ao software},
  really_refers_to_software = {no},
}

@inproceedings{Titzer:2007:VOL:1289881.1289914,
  author = {Titzer, Ben L. and Palsberg, Jens},
  title = {Vertical Object Layout and Compression for Fixed Heaps},
  booktitle = {Proceedings of the 2007 International Conference on Compilers, Architecture, and Synthesis for Embedded Systems},
  series = {CASES '07},
  year = {2007},
  isbn = {978-1-59593-826-8},
  location = {Salzburg, Austria},
  pages = {170--178},
  numpages = {9},
  url = {http://doi.acm.org/10.1145/1289881.1289914},
  doi = {10.1145/1289881.1289914},
  acmid = {1289914},
  publisher = {ACM},
  address = {New York, NY, USA},
  keywords = {heap optimization, microcontrollers, object layout, pointer compression, program data compression, reference compression, vertical object layout},
  review = {não faz referência ao nome do software},
  really_refers_to_software = {no},
}

@inproceedings{5581346,
  author = {F. Zeng and L. Qiao and M. Liu and Z. Tang},
  booktitle = {2010 IEEE 12th International Conference on High Performance Computing and Communications (HPCC)},
  title = {A Novel Memory Subsystem Evaluation Framework for Chip Multiprocessors},
  year = {2010},
  pages = {231-238},
  keywords = {digital storage;multiprocessor interconnection networks;network-on-chip;TSIM;Tsinghua simulator;cache hardware prefetcher;chip multiprocessors;memory subsystem evaluation framework;memory system protocol;network-on-chip interconnection;replacement policy},
  doi = {10.1109/HPCC.2010.15},
  month = {Sept},
  review = {cita o nome do software num contexto não relacionado ao software},
  really_refers_to_software = {no},
}

@article{7762037,
  author = {G. Tagliavini and D. Rossi and A. Marongiu and L. Benini},
  journal = {IEEE Transactions on Computer-Aided Design of Integrated Circuits and Systems},
  title = {Synergistic HW/SW Approximation Techniques for Ultra-Low-Power Parallel Computing},
  year = {2017},
  volume = {PP},
  number = {99},
  pages = {1-1},
  keywords = {Approximate computing;Energy consumption;Hardware;Low voltage;Parallel processing;Random access memory;Standards;Approximation algorithms;Low-power electronics;Memory architecture;Multicore processing;Parallel programming},
  doi = {10.1109/TCAD.2016.2633474},
  issn = {0278-0070},
  month = {},
  review = {cita o nome do software num contexto não relacionado ao software},
  really_refers_to_software = {no},
}

@inproceedings{5601848,
  author = {A. Ketterlin and P. Clauss},
  booktitle = {2010 10th IEEE Working Conference on Source Code Analysis and Manipulation},
  title = {Recovering the Memory Behavior of Executable Programs},
  year = {2010},
  pages = {189-198},
  keywords = {data flow analysis;program control structures;storage allocation;storage management;binary analysis;control flow graph;data flow analysis;executable program;formal model;lightweight instrumentation strategy;linear expression;loop counter;loop structure;machine registers;memory access;memory recovey;program symbolic description;quantitative evaluation;static analysis;static single assignment;Analytical models;Benchmark testing;Binary codes;Instruments;Optimization;Radiation detectors;Registers;binary analysis;memory accesses;modeling;profiling;static single assignment form},
  doi = {10.1109/SCAM.2010.18},
  month = {Sept},
  review = {mesmo artigo selecionado na revisão estruturada},
  really_refers_to_software = {yes},
  contribution_weight = {1},
  step = {structured-review},
  conference = {SCAM},
}

