@article{Ketterlin:2014:RMA:2748144.2748398,
  author = {Ketterlin, Alain and Clauss, Philippe},
  title = {Recovering Memory Access Patterns of Executable Programs},
  journal = {Sci. Comput. Program.},
  issue_date = {February 2014},
  volume = {80},
  number = {PB},
  month = {feb},
  year = {2014},
  issn = {0167-6423},
  pages = {440--456},
  numpages = {17},
  url = {http://dx.doi.org/10.1016/j.scico.2012.08.002},
  doi = {10.1016/j.scico.2012.08.002},
  acmid = {2748398},
  publisher = {Elsevier North-Holland, Inc.},
  address = {Amsterdam, The Netherlands, The Netherlands},
  keywords = {Automatic parallelization, Binary analysis, Decompilation, Memory accesses, Memory tracing, Program skeletonization, Static single assignment},
  review={artigo selecionado na revis√£o estruturada},
  really_refers_to_software={yes},
  reference_weight={1},
}
