@inproceedings{Tufano:2016:EIN:2970276.2970340,
  author = {Tufano, Michele and Palomba, Fabio and Bavota, Gabriele and Di Penta, Massimiliano and Oliveto, Rocco and De Lucia, Andrea and Poshyvanyk, Denys},
  title = {An Empirical Investigation into the Nature of Test Smells},
  booktitle = {Proceedings of the 31st IEEE/ACM International Conference on Automated Software Engineering},
  series = {ASE 2016},
  year = {2016},
  isbn = {978-1-4503-3845-5},
  location = {Singapore, Singapore},
  pages = {4--15},
  numpages = {12},
  url = {http://doi.acm.org/10.1145/2970276.2970340},
  doi = {10.1145/2970276.2970340},
  acmid = {2970340},
  publisher = {ACM},
  address = {New York, NY, USA},
  keywords = {Mining Software Repositories, Software Evolution, Test Smells},
}
