@inproceedings{Oqvist:2013:EJE:2500828.2500843,
  author = {\"{O}qvist, Jesper and Hedin, G\"{o}rel},
  title = {Extending the JastAdd Extensible Java Compiler to Java 7},
  booktitle = {Proceedings of the 2013 International Conference on Principles and Practices of Programming on the Java Platform: Virtual Machines, Languages, and Tools},
  series = {PPPJ '13},
  year = {2013},
  isbn = {978-1-4503-2111-2},
  location = {Stuttgart, Germany},
  pages = {147--152},
  numpages = {6},
  url = {http://doi.acm.org/10.1145/2500828.2500843},
  doi = {10.1145/2500828.2500843},
  acmid = {2500843},
  publisher = {ACM},
  address = {New York, NY, USA},
  keywords = {Java, attribute grammars, compiler design},
}

@inproceedings{Broman:2012:CTM:2245276.2232092,
  author = {Broman, David and Fritzson, Peter and Hedin, G\"{o}rel and Ã…kesson, Johan},
  title = {A Comparison of Two Metacompilation Approaches to Implementing a Complex Domain-specific Language},
  booktitle = {Proceedings of the 27th Annual ACM Symposium on Applied Computing},
  series = {SAC '12},
  year = {2012},
  isbn = {978-1-4503-0857-1},
  location = {Trento, Italy},
  pages = {1919--1921},
  numpages = {3},
  url = {http://doi.acm.org/10.1145/2245276.2232092},
  doi = {10.1145/2245276.2232092},
  acmid = {2232092},
  publisher = {ACM},
  address = {New York, NY, USA},
  keywords = {attribute grammars, metacompilation, operational semantics},
}

@article{Ekman:2007:JEJ:1297105.1297029,
  author = {Ekman, Torbj\"{o}rn and Hedin, G\"{o}rel},
  title = {The Jastadd Extensible Java Compiler},
  journal = {SIGPLAN Not.},
  issue_date = {October 2007},
  volume = {42},
  number = {10},
  month = oct,
  year = {2007},
  issn = {0362-1340},
  pages = {1--18},
  numpages = {18},
  url = {http://doi.acm.org/10.1145/1297105.1297029},
  doi = {10.1145/1297105.1297029},
  acmid = {1297029},
  publisher = {ACM},
  address = {New York, NY, USA},
  keywords = {OOP, compilers, declarative frameworks, extensibility, java, modularity},
}

@inproceedings{Ekman:2007:JEJ:1297027.1297029,
  author = {Ekman, Torbj\"{o}rn and Hedin, G\"{o}rel},
  title = {The Jastadd Extensible Java Compiler},
  booktitle = {Proceedings of the 22Nd Annual ACM SIGPLAN Conference on Object-oriented Programming Systems and Applications},
  series = {OOPSLA '07},
  year = {2007},
  isbn = {978-1-59593-786-5},
  location = {Montreal, Quebec, Canada},
  pages = {1--18},
  numpages = {18},
  url = {http://doi.acm.org/10.1145/1297027.1297029},
  doi = {10.1145/1297027.1297029},
  acmid = {1297029},
  publisher = {ACM},
  address = {New York, NY, USA},
  keywords = {OOP, compilers, declarative frameworks, extensibility, java, modularity},
}

@inproceedings{Bransen:2015:IEH:2678015.2682541,
  author = {Bransen, Jeroen and Dijkstra, Atze and Swierstra, S. Doaitse},
  title = {Incremental Evaluation of Higher Order Attributes},
  booktitle = {Proceedings of the 2015 Workshop on Partial Evaluation and Program Manipulation},
  series = {PEPM '15},
  year = {2015},
  isbn = {978-1-4503-3297-2},
  location = {Mumbai, India},
  pages = {39--48},
  numpages = {10},
  url = {http://doi.acm.org/10.1145/2678015.2682541},
  doi = {10.1145/2678015.2682541},
  acmid = {2682541},
  publisher = {ACM},
  address = {New York, NY, USA},
  keywords = {attribute grammars, change propagation, incremental evaluation, program transformation, type inference},
}

@inproceedings{vonHof:2017:DSC:3019612.3019735,
  author = {von Hof, Vincent and F\"{o}gen, Konrad and Kuchen, Herbert},
  title = {Detecting Spring Configurations Errors},
  booktitle = {Proceedings of the Symposium on Applied Computing},
  series = {SAC '17},
  year = {2017},
  isbn = {978-1-4503-4486-9},
  location = {Marrakech, Morocco},
  pages = {1505--1512},
  numpages = {8},
  url = {http://doi.acm.org/10.1145/3019612.3019735},
  doi = {10.1145/3019612.3019735},
  acmid = {3019735},
  publisher = {ACM},
  address = {New York, NY, USA},
  keywords = {Java, attribute grammars, dependency injection, pluggable annotation processing, spring, static code analysis},
}

@inproceedings{deJonge:2012:LGS:2427048.2427050,
  author = {de Jonge, Maartje and Visser, Eelco},
  title = {A Language Generic Solution for Name Binding Preservation in Refactorings},
  booktitle = {Proceedings of the Twelfth Workshop on Language Descriptions, Tools, and Applications},
  series = {LDTA '12},
  year = {2012},
  isbn = {978-1-4503-1536-4},
  location = {Tallinn, Estonia},
  pages = {2:1--2:8},
  articleno = {2},
  numpages = {8},
  url = {http://doi.acm.org/10.1145/2427048.2427050},
  doi = {10.1145/2427048.2427050},
  acmid = {2427050},
  publisher = {ACM},
  address = {New York, NY, USA},
  keywords = {refactoring, static analysis},
}

@inproceedings{Wu:2006:SCC:1141277.1141646,
  author = {Wu, Xiaoqing and Bryant, Barrett R. and Gray, Jeff and Roychoudhury, Suman and Mernik, Marjan},
  title = {Separation of Concerns in Compiler Development Using Aspect-orientation},
  booktitle = {Proceedings of the 2006 ACM Symposium on Applied Computing},
  series = {SAC '06},
  year = {2006},
  isbn = {1-59593-108-2},
  location = {Dijon, France},
  pages = {1585--1590},
  numpages = {6},
  url = {http://doi.acm.org/10.1145/1141277.1141646},
  doi = {10.1145/1141277.1141646},
  acmid = {1141646},
  publisher = {ACM},
  address = {New York, NY, USA},
  keywords = {aspect-oriented programming, compiler design, design patterns},
}

@inproceedings{Ekman:2008:RT:1636642.1636647,
  author = {Ekman, Torbj\"{o}rn and Sch\"{a}fer, Max and Verbaere, Mathieu},
  title = {Refactoring is Not (Yet) About Transformation},
  booktitle = {Proceedings of the 2Nd Workshop on Refactoring Tools},
  series = {WRT '08},
  year = {2008},
  isbn = {978-1-60558-339-6},
  location = {Nashville, Tennessee},
  pages = {5:1--5:4},
  articleno = {5},
  numpages = {4},
  url = {http://doi.acm.org/10.1145/1636642.1636647},
  doi = {10.1145/1636642.1636647},
  acmid = {1636647},
  publisher = {ACM},
  address = {New York, NY, USA},
  keywords = {IDEs, extensible compilers, refactoring},
}

@inproceedings{Wu:2005:WDA:1066677.1066986,
  author = {Wu, Hui and Gray, Jeff and Roychoudhury, Suman and Mernik, Marjan},
  title = {Weaving a Debugging Aspect into Domain-specific Language Grammars},
  booktitle = {Proceedings of the 2005 ACM Symposium on Applied Computing},
  series = {SAC '05},
  year = {2005},
  isbn = {1-58113-964-0},
  location = {Santa Fe, New Mexico},
  pages = {1370--1374},
  numpages = {5},
  url = {http://doi.acm.org/10.1145/1066677.1066986},
  doi = {10.1145/1066677.1066986},
  acmid = {1066986},
  publisher = {ACM},
  address = {New York, NY, USA},
  keywords = {AOSD, DSLs, debugging, grammarware},
}

@article{Steimann:2016:CRA:3022671.2984007,
  author = {Steimann, Friedrich and Hagemann, J\"{o}rg and Ulke, Bastian},
  title = {Computing Repair Alternatives for Malformed Programs Using Constraint Attribute Grammars},
  journal = {SIGPLAN Not.},
  issue_date = {October 2016},
  volume = {51},
  number = {10},
  month = oct,
  year = {2016},
  issn = {0362-1340},
  pages = {711--730},
  numpages = {20},
  url = {http://doi.acm.org/10.1145/3022671.2984007},
  doi = {10.1145/3022671.2984007},
  acmid = {2984007},
  publisher = {ACM},
  address = {New York, NY, USA},
  keywords = {attribute grammars, constraints, repair},
}

@inproceedings{Steimann:2016:CRA:2983990.2984007,
  author = {Steimann, Friedrich and Hagemann, J\"{o}rg and Ulke, Bastian},
  title = {Computing Repair Alternatives for Malformed Programs Using Constraint Attribute Grammars},
  booktitle = {Proceedings of the 2016 ACM SIGPLAN International Conference on Object-Oriented Programming, Systems, Languages, and Applications},
  series = {OOPSLA 2016},
  year = {2016},
  isbn = {978-1-4503-4444-9},
  location = {Amsterdam, Netherlands},
  pages = {711--730},
  numpages = {20},
  url = {http://doi.acm.org/10.1145/2983990.2984007},
  doi = {10.1145/2983990.2984007},
  acmid = {2984007},
  publisher = {ACM},
  address = {New York, NY, USA},
  keywords = {attribute grammars, constraints, repair},
}

@inproceedings{Urban:2010:ADP:1739230.1739256,
  author = {Urban, Matthias and Lohmann, Daniel and Spinczyk, Olaf},
  title = {The Aspect-oriented Design of the PUMA C/C++ Parser Framework},
  booktitle = {Proceedings of the 9th International Conference on Aspect-Oriented Software Development},
  series = {AOSD '10},
  year = {2010},
  isbn = {978-1-60558-958-9},
  location = {Rennes and Saint-Malo, France},
  pages = {217--221},
  numpages = {5},
  url = {http://doi.acm.org/10.1145/1739230.1739256},
  doi = {10.1145/1739230.1739256},
  acmid = {1739256},
  publisher = {ACM},
  address = {New York, NY, USA},
  keywords = {AspectC++, PUMA, aspect-oriented design, aspect-oriented programming (AOP)},
}

@inproceedings{Winther:2012:IPG:2427048.2427058,
  author = {Winther, Johnni},
  title = {Improving Precision of Generated ASTs},
  booktitle = {Proceedings of the Twelfth Workshop on Language Descriptions, Tools, and Applications},
  series = {LDTA '12},
  year = {2012},
  isbn = {978-1-4503-1536-4},
  location = {Tallinn, Estonia},
  pages = {10:1--10:8},
  articleno = {10},
  numpages = {8},
  url = {http://doi.acm.org/10.1145/2427048.2427058},
  doi = {10.1145/2427048.2427058},
  acmid = {2427058},
  publisher = {ACM},
  address = {New York, NY, USA},
}

@article{Schafer:2008:SER:1449955.1449787,
  author = {Sch\"{a}fer, Max and Ekman, Torbj\"{o}rn and de Moor, Oege},
  title = {Sound and Extensible Renaming for Java},
  journal = {SIGPLAN Not.},
  issue_date = {September 2008},
  volume = {43},
  number = {10},
  month = oct,
  year = {2008},
  issn = {0362-1340},
  pages = {277--294},
  numpages = {18},
  url = {http://doi.acm.org/10.1145/1449955.1449787},
  doi = {10.1145/1449955.1449787},
  acmid = {1449787},
  publisher = {ACM},
  address = {New York, NY, USA},
  keywords = {extensible compilers, name analysis, refactoring, renaming},
}

@inproceedings{Schafer:2008:SER:1449764.1449787,
  author = {Sch\"{a}fer, Max and Ekman, Torbj\"{o}rn and de Moor, Oege},
  title = {Sound and Extensible Renaming for Java},
  booktitle = {Proceedings of the 23rd ACM SIGPLAN Conference on Object-oriented Programming Systems Languages and Applications},
  series = {OOPSLA '08},
  year = {2008},
  isbn = {978-1-60558-215-3},
  location = {Nashville, TN, USA},
  pages = {277--294},
  numpages = {18},
  url = {http://doi.acm.org/10.1145/1449764.1449787},
  doi = {10.1145/1449764.1449787},
  acmid = {1449787},
  publisher = {ACM},
  address = {New York, NY, USA},
  keywords = {extensible compilers, name analysis, refactoring, renaming},
}

@inproceedings{Petrashko:2017:MCU:3062341.3062346,
  author = {Petrashko, Dmitry and Lhot\'{a}k, Ond\v{r}ej and Odersky, Martin},
  title = {Miniphases: Compilation Using Modular and Efficient Tree Transformations},
  booktitle = {Proceedings of the 38th ACM SIGPLAN Conference on Programming Language Design and Implementation},
  series = {PLDI 2017},
  year = {2017},
  isbn = {978-1-4503-4988-8},
  location = {Barcelona, Spain},
  pages = {201--216},
  numpages = {16},
  url = {http://doi.acm.org/10.1145/3062341.3062346},
  doi = {10.1145/3062341.3062346},
  acmid = {3062346},
  publisher = {ACM},
  address = {New York, NY, USA},
  keywords = {cache locality, compiler performance, tree traversal fusion},
}

@inproceedings{vandenBrand:2010:FST:1868281.1868293,
  author = {van den Brand, M. G. J. and van der Meer, A. P. and Serebrenik, A. and Hofkamp, A. T.},
  title = {Formally Specified Type Checkers for Domain Specific Languages: Experience Report},
  booktitle = {Proceedings of the Tenth Workshop on Language Descriptions, Tools and Applications},
  series = {LDTA '10},
  year = {2010},
  isbn = {978-1-4503-0063-6},
  location = {Paphos, Cyprus},
  pages = {12:1--12:7},
  articleno = {12},
  numpages = {7},
  url = {http://doi.acm.org/10.1145/1868281.1868293},
  doi = {10.1145/1868281.1868293},
  acmid = {1868293},
  publisher = {ACM},
  address = {New York, NY, USA},
  keywords = {DSL, MSOS, code generation, type systems},
}

@inproceedings{Klint:2010:IDT:1868281.1868291,
  author = {Klint, Paul and van der Storm, Tijs and Vinju, Jurgen},
  title = {On the Impact of DSL Tools on the Maintainability of Language Implementations},
  booktitle = {Proceedings of the Tenth Workshop on Language Descriptions, Tools and Applications},
  series = {LDTA '10},
  year = {2010},
  isbn = {978-1-4503-0063-6},
  location = {Paphos, Cyprus},
  pages = {10:1--10:9},
  articleno = {10},
  numpages = {9},
  url = {http://doi.acm.org/10.1145/1868281.1868291},
  doi = {10.1145/1868281.1868291},
  acmid = {1868291},
  publisher = {ACM},
  address = {New York, NY, USA},
  keywords = {domain specific languages, language engineering, maintainability, tools},
}

@inproceedings{Schaefer:2010:SIR:1869459.1869485,
  author = {Schaefer, Max and de Moor, Oege},
  title = {Specifying and Implementing Refactorings},
  booktitle = {Proceedings of the ACM International Conference on Object Oriented Programming Systems Languages and Applications},
  series = {OOPSLA '10},
  year = {2010},
  isbn = {978-1-4503-0203-6},
  location = {Reno/Tahoe, Nevada, USA},
  pages = {286--301},
  numpages = {16},
  url = {http://doi.acm.org/10.1145/1869459.1869485},
  doi = {10.1145/1869459.1869485},
  acmid = {1869485},
  publisher = {ACM},
  address = {New York, NY, USA},
  keywords = {language extensions, refactoring, specification},
}

@article{Schaefer:2010:SIR:1932682.1869485,
  author = {Schaefer, Max and de Moor, Oege},
  title = {Specifying and Implementing Refactorings},
  journal = {SIGPLAN Not.},
  issue_date = {October 2010},
  volume = {45},
  number = {10},
  month = oct,
  year = {2010},
  issn = {0362-1340},
  pages = {286--301},
  numpages = {16},
  url = {http://doi.acm.org/10.1145/1932682.1869485},
  doi = {10.1145/1932682.1869485},
  acmid = {1869485},
  publisher = {ACM},
  address = {New York, NY, USA},
  keywords = {language extensions, refactoring, specification},
}

@inproceedings{Nilsson:2002:RJR:581630.581680,
  author = {Nilsson, Anders and Ekman, Torbj\"{o}rn and Nilsson, Klas},
  title = {Real Java for Real Time - Gain and Pain},
  booktitle = {Proceedings of the 2002 International Conference on Compilers, Architecture, and Synthesis for Embedded Systems},
  series = {CASES '02},
  year = {2002},
  isbn = {1-58113-575-0},
  location = {Grenoble, France},
  pages = {304--311},
  numpages = {8},
  url = {http://doi.acm.org/10.1145/581630.581680},
  doi = {10.1145/581630.581680},
  acmid = {581680},
  publisher = {ACM},
  address = {New York, NY, USA},
  keywords = {embedded systems, real-time Java, rtj},
}

@article{vandenBrand:2003:TRT:941566.941568,
  author = {van den Brand, Mark G. J. and Klint, Paul and Vinju, Jurgen J.},
  title = {Term Rewriting with Traversal Functions},
  journal = {ACM Trans. Softw. Eng. Methodol.},
  issue_date = {April 2003},
  volume = {12},
  number = {2},
  month = apr,
  year = {2003},
  issn = {1049-331X},
  pages = {152--190},
  numpages = {39},
  url = {http://doi.acm.org/10.1145/941566.941568},
  doi = {10.1145/941566.941568},
  acmid = {941568},
  publisher = {ACM},
  address = {New York, NY, USA},
  keywords = {Automated tree traversal, term rewriting, types},
}

@article{Kats:2008:MSB:1449955.1449772,
  author = {Kats, Lennart C.L. and Bravenboer, Martin and Visser, Eelco},
  title = {Mixing Source and Bytecode: A Case for Compilation by Normalization},
  journal = {SIGPLAN Not.},
  issue_date = {September 2008},
  volume = {43},
  number = {10},
  month = oct,
  year = {2008},
  issn = {0362-1340},
  pages = {91--108},
  numpages = {18},
  url = {http://doi.acm.org/10.1145/1449955.1449772},
  doi = {10.1145/1449955.1449772},
  acmid = {1449772},
  publisher = {ACM},
  address = {New York, NY, USA},
  keywords = {SDF, bytecode, compilers, domain-specific languages, dryad compiler, embedded languages, iterators, java, language extensions, meta programming, source tracing, stratego, traits},
}

@inproceedings{Kats:2008:MSB:1449764.1449772,
  author = {Kats, Lennart C.L. and Bravenboer, Martin and Visser, Eelco},
  title = {Mixing Source and Bytecode: A Case for Compilation by Normalization},
  booktitle = {Proceedings of the 23rd ACM SIGPLAN Conference on Object-oriented Programming Systems Languages and Applications},
  series = {OOPSLA '08},
  year = {2008},
  isbn = {978-1-60558-215-3},
  location = {Nashville, TN, USA},
  pages = {91--108},
  numpages = {18},
  url = {http://doi.acm.org/10.1145/1449764.1449772},
  doi = {10.1145/1449764.1449772},
  acmid = {1449772},
  publisher = {ACM},
  address = {New York, NY, USA},
  keywords = {SDF, bytecode, compilers, domain-specific languages, dryad compiler, embedded languages, iterators, java, language extensions, meta programming, source tracing, stratego, traits},
}

@inproceedings{Renggli:2010:ELW:1883978.1884006,
  author = {Renggli, Lukas and G\^{\i}rba, Tudor and Nierstrasz, Oscar},
  title = {Embedding Languages Without Breaking Tools},
  booktitle = {Proceedings of the 24th European Conference on Object-oriented Programming},
  series = {ECOOP'10},
  year = {2010},
  isbn = {3-642-14106-4, 978-3-642-14106-5},
  location = {Maribor, Slovenia},
  pages = {380--404},
  numpages = {25},
  url = {http://dl.acm.org/citation.cfm?id=1883978.1884006},
  acmid = {1884006},
  publisher = {Springer-Verlag},
  address = {Berlin, Heidelberg},
}

@inproceedings{Schafer:2010:CRC:1883978.1883994,
  author = {Sch\"{a}fer, Max and Dolby, Julian and Sridharan, Manu and Torlak, Emina and Tip, Frank},
  title = {Correct Refactoring of Concurrent Java Code},
  booktitle = {Proceedings of the 24th European Conference on Object-oriented Programming},
  series = {ECOOP'10},
  year = {2010},
  isbn = {3-642-14106-4, 978-3-642-14106-5},
  location = {Maribor, Slovenia},
  pages = {225--249},
  numpages = {25},
  url = {http://dl.acm.org/citation.cfm?id=1883978.1883994},
  acmid = {1883994},
  publisher = {Springer-Verlag},
  address = {Berlin, Heidelberg},
}

@article{Markstrum:2010:JDP:1667048.1667049,
  author = {Markstrum, Shane and Marino, Daniel and Esquivel, Matthew and Millstein, Todd and Andreae, Chris and Noble, James},
  title = {JavaCOP: Declarative Pluggable Types for Java},
  journal = {ACM Trans. Program. Lang. Syst.},
  issue_date = {January 2010},
  volume = {32},
  number = {2},
  month = feb,
  year = {2010},
  issn = {0164-0925},
  pages = {4:1--4:37},
  articleno = {4},
  numpages = {37},
  url = {http://doi.acm.org/10.1145/1667048.1667049},
  doi = {10.1145/1667048.1667049},
  acmid = {1667049},
  publisher = {ACM},
  address = {New York, NY, USA},
  keywords = {JavaCOP, pluggable type systems},
}

@inproceedings{Visser:2014:LDW:2661136.2661149,
  author = {Visser, Eelco and Wachsmuth, Guido and Tolmach, Andrew and Neron, Pierre and Vergu, Vlad and Passalaqua, Augusto and Konat, Gabrie\"{e}l},
  title = {A Language Designer's Workbench: A One-Stop-Shop for Implementation and Verification of Language Designs},
  booktitle = {Proceedings of the 2014 ACM International Symposium on New Ideas, New Paradigms, and Reflections on Programming \& Software},
  series = {Onward! 2014},
  year = {2014},
  isbn = {978-1-4503-3210-1},
  location = {Portland, Oregon, USA},
  pages = {95--111},
  numpages = {17},
  url = {http://doi.acm.org/10.1145/2661136.2661149},
  doi = {10.1145/2661136.2661149},
  acmid = {2661149},
  publisher = {ACM},
  address = {New York, NY, USA},
  keywords = {domain specific languages, language designer workbench, language specification, meta-theory, name binding, semantics, syntax, types},
}

@article{Erdweg:2011:SLS:2076021.2048099,
  author = {Erdweg, Sebastian and Rendel, Tillmann and K\"{a}stner, Christian and Ostermann, Klaus},
  title = {SugarJ: Library-based Syntactic Language Extensibility},
  journal = {SIGPLAN Not.},
  issue_date = {October 2011},
  volume = {46},
  number = {10},
  month = oct,
  year = {2011},
  issn = {0362-1340},
  pages = {391--406},
  numpages = {16},
  url = {http://doi.acm.org/10.1145/2076021.2048099},
  doi = {10.1145/2076021.2048099},
  acmid = {2048099},
  publisher = {ACM},
  address = {New York, NY, USA},
  keywords = {DSL embedding, SugarJ, language composition, language extensibility, libraries, syntactic sugar},
}

@inproceedings{Erdweg:2011:SLS:2048066.2048099,
  author = {Erdweg, Sebastian and Rendel, Tillmann and K\"{a}stner, Christian and Ostermann, Klaus},
  title = {SugarJ: Library-based Syntactic Language Extensibility},
  booktitle = {Proceedings of the 2011 ACM International Conference on Object Oriented Programming Systems Languages and Applications},
  series = {OOPSLA '11},
  year = {2011},
  isbn = {978-1-4503-0940-0},
  location = {Portland, Oregon, USA},
  pages = {391--406},
  numpages = {16},
  url = {http://doi.acm.org/10.1145/2048066.2048099},
  doi = {10.1145/2048066.2048099},
  acmid = {2048099},
  publisher = {ACM},
  address = {New York, NY, USA},
  keywords = {DSL embedding, SugarJ, language composition, language extensibility, libraries, syntactic sugar},
}

@article{Ryu:2016:TOL:2914585.2888392,
  author = {Ryu, Sukyoung},
  title = {ThisType for Object-Oriented Languages: From Theory to Practice},
  journal = {ACM Trans. Program. Lang. Syst.},
  issue_date = {May 2016},
  volume = {38},
  number = {3},
  month = apr,
  year = {2016},
  issn = {0164-0925},
  pages = {8:1--8:66},
  articleno = {8},
  numpages = {66},
  url = {http://doi.acm.org/10.1145/2888392},
  doi = {10.1145/2888392},
  acmid = {2888392},
  publisher = {ACM},
  address = {New York, NY, USA},
  keywords = {Object-oriented languages, ThisType, binary methods, exact types, generic factory methods, virtual constructors},
}
