@inproceedings{HoanAnhNguyen:2011:IIP:2190078.2190128,
  author = {Hoan Anh Nguyen and Tung Thanh Nguyen and Hung Viet Nguyen and Nguyen, Tien N.},
  title = {iDiff: Interaction-based Program Differencing Tool},
  booktitle = {Proceedings of the 2011 26th IEEE/ACM International Conference on Automated Software Engineering},
  series = {ASE '11},
  year = {2011},
  isbn = {978-1-4577-1638-6},
  pages = {572--575},
  numpages = {4},
  url = {http://dx.doi.org/10.1109/ASE.2011.6100128},
  doi = {10.1109/ASE.2011.6100128},
  acmid = {2190128},
  publisher = {IEEE Computer Society},
  address = {Washington, DC, USA},
  review = {cita o software como trabalho relacionado},
  really_refers_to_software = {yes},
  contribution_weight = {0.1},
}

@inproceedings{Duley:2010:PDA:1858996.1859093,
  author = {Duley, Adam and Spandikow, Chris and Kim, Miryung},
  title = {A Program Differencing Algorithm for Verilog HDL},
  booktitle = {Proceedings of the IEEE/ACM International Conference on Automated Software Engineering},
  series = {ASE '10},
  year = {2010},
  isbn = {978-1-4503-0116-9},
  location = {Antwerp, Belgium},
  pages = {477--486},
  numpages = {10},
  url = {http://doi.acm.org/10.1145/1858996.1859093},
  doi = {10.1145/1858996.1859093},
  acmid = {1859093},
  publisher = {ACM},
  address = {New York, NY, USA},
  keywords = {change types, empirical study, hardware description languages, program differencing, verilog},
  review = {mesmo artigo selecionado na revisão estruturada},
  really_refers_to_software = {yes},
  contribution_weight = {1},
  step = {structured-review},
  conference = {ASE},
}

@inproceedings{7880501,
  author = {K. Uemura and A. Mori and K. Fujiwara and E. Choi and H. Iida},
  booktitle = {2017 IEEE 11th International Workshop on Software Clones (IWSC)},
  title = {Detecting and analyzing code clones in HDL},
  year = {2017},
  pages = {1-7},
  keywords = {hardware description languages;parallel processing;Verilog HDL code;code clone analysis;code clone detection;hardware description languages;open source hardware products;parallel processing;pseudoC++ code;C++ languages;Cloning;Field programmable gate arrays;Hardware design languages;Measurement;Open source hardware},
  doi = {10.1109/IWSC.2017.7880501},
  month = {Feb},
  review = {cita um outro artigo relacionado ao software com o nome do software no título},
  really_refers_to_software = {no},
}

@inproceedings{1179024,
  author = {V. Chaudhary and M. Francis and Xiaoling Huang and H. A. Mantooth},
  booktitle = {IEEE 2002 International Conference on Communications, Circuits and Systems and West Sino Expositions},
  title = {Paragon-a mixed-signal behavioral modeling environment},
  year = {2002},
  volume = {2},
  pages = {1315-1321 vol.2},
  keywords = {circuit simulation;hardware description languages;integrated circuit design;integrated circuit modelling;mixed analogue-digital integrated circuits;software tools;CAD tool;MAST;Paragon mixed-signal behavioral modeling environment;VHDL-AMS;Verilog-A;environment feature set;hardware description language based models;model testing;model validation;multiple hardware description languages;software architecture;Character generation;Circuits and systems;Databases;Design automation;Graphical user interfaces;Hardware design languages;Software architecture;Software systems;Testing;XML},
  doi = {10.1109/ICCCAS.2002.1179024},
  month = {June},
  review = {o nome do software aparece num trecho de código fonte exemplo sem relação com o software},
  really_refers_to_software = {no},
}

@inproceedings{7081814,
  author = {N. Palix and J. R. Falleri and J. Lawall},
  booktitle = {2015 IEEE 22nd International Conference on Software Analysis, Evolution, and Reengineering (SANER)},
  title = {Improving pattern tracking with a language-aware tree differencing algorithm},
  year = {2015},
  pages = {43-52},
  keywords = {program debugging;software maintenance;source code (software);trees (mathematics);GNU Diff;GumTree;Herodotos;code differencing algorithm;code fragment tracking;language-aware tree differencing algorithm;longest common subsequence;pattern tracking;software project monitoring;tree-matching;Correlation;Kernel;Linux;Manuals;Vegetation;XML;code metrics;code tracking;tree-matching},
  doi = {10.1109/SANER.2015.7081814},
  issn = {1534-5351},
  month = {March},
  review = {cita o software como trabalho relacionado},
  really_refers_to_software = {yes},
  contribution_weight = {0.1},
}

@inproceedings{Dotzler:2016:MSC:2970276.2970315,
  author = {Dotzler, Georg and Philippsen, Michael},
  title = {Move-optimized Source Code Tree Differencing},
  booktitle = {Proceedings of the 31st IEEE/ACM International Conference on Automated Software Engineering},
  series = {ASE 2016},
  year = {2016},
  isbn = {978-1-4503-3845-5},
  location = {Singapore, Singapore},
  pages = {660--671},
  numpages = {12},
  url = {http://doi.acm.org/10.1145/2970276.2970315},
  doi = {10.1145/2970276.2970315},
  acmid = {2970315},
  publisher = {ACM},
  address = {New York, NY, USA},
  keywords = {Optimizations, Source Code, Tree Differencing},
  review = {cita o software como trabalho relacionado},
  really_refers_to_software = {yes},
  contribution_weight = {0.1},
}

@inproceedings{7348308,
  author = {X. Yang and Y. Zhou and M. Zhao and X. Wu},
  booktitle = {2015 IEEE Biomedical Circuits and Systems Conference (BioCAS)},
  title = {A 12b 238kS/s SAR ADC with novel built-in digital calibration method for EEG acquisition applications},
  year = {2015},
  pages = {1-4},
  keywords = {CMOS integrated circuits;biomedical electronics;calibration;capacitors;digital-analogue conversion;electroencephalography;CMOS technology;EEG acquisition;LSB;SAR ADC;Verilog HDL;built-in digital calibration method;capacitor mismatch;electroencephalography;mismatch calibration;power 25.4 muW;sampling rate;Calibration;Capacitors;Electroencephalography;Hardware design languages;Simulation;Switches;Time-domain analysis;EEG;SAR ADC;calibration;capacitor mismatch;split DAC},
  doi = {10.1109/BioCAS.2015.7348308},
  month = {Oct},
  review = {não faz referência ao nome do software},
  really_refers_to_software = {no},
}

@inproceedings{Yu:2011:SDM:2190078.2190182,
  author = {Yu, Yijun and Tun, Thein Than and Nuseibeh, Bashar},
  title = {Specifying and Detecting Meaningful Changes in Programs},
  booktitle = {Proceedings of the 2011 26th IEEE/ACM International Conference on Automated Software Engineering},
  series = {ASE '11},
  year = {2011},
  isbn = {978-1-4577-1638-6},
  pages = {273--282},
  numpages = {10},
  url = {http://dx.doi.org/10.1109/ASE.2011.6100063},
  doi = {10.1109/ASE.2011.6100063},
  acmid = {2190182},
  publisher = {IEEE Computer Society},
  address = {Washington, DC, USA},
  review = {cita o software como trabalho relacionado},
  really_refers_to_software = {yes},
  contribution_weight = {0.1},
}

