@INPROCEEDINGS{4639348,
  author={T. E. Hart and K. Ku and A. Gurfinkel and M. Chechik and D. Lie},
  booktitle={2008 23rd IEEE/ACM International Conference on Automated Software Engineering},
  title={Augmenting Counterexample-Guided Abstraction Refinement with Proof Templates},
  year={2008},
  pages={387-390},
  keywords={program verification;PtYasm;Verisec suite;array traversal idioms;buffer overflows verification;counterexample-guided abstraction refinement;predicate abstraction;proof templates;safety verification;software model checkers;Application software;Buffer overflow;Computer errors;Computer science;Kelvin;Performance analysis;Sliding mode control;Software performance;Software safety;Software testing},
  doi={10.1109/ASE.2008.55},
  ISSN={1938-4300},
  month={Sept},
}

@INPROCEEDINGS{4639373,
  author={T. E. Hart and K. Ku and A. Gurfinkel and M. Chechik and D. Lie},
  booktitle={2008 23rd IEEE/ACM International Conference on Automated Software Engineering},
  title={PtYasm: Software Model Checking with Proof Templates},
  year={2008},
  pages={479-480},
  keywords={formal specification;program control structures;program verification;PTYASM;Verisec suite;YASM software model checker;loop unrolling;program verification;programming idioms;proof templates;software model checking;Arithmetic;Computer science;Kelvin;Performance analysis;Safety;Sliding mode control;Software performance;Software testing;Software tools;System testing},
  doi={10.1109/ASE.2008.80},
  ISSN={1938-4300},
  month={Sept},
}
