@article{SanchezRamon:2014:MRE:2598028.2598152,
  author = {S\'{a}nchez Ram\'{o}n, \'{O}scar and S\'{a}nchez Cuadrado, Jes\'{u}s and Garc\'{\i}a Molina, Jes\'{u}s},
  title = {Model-driven Reverse Engineering of Legacy Graphical User Interfaces},
  journal = {Automated Software Engg.},
  issue_date = {April     2014},
  volume = {21},
  number = {2},
  month = {apr},
  year = {2014},
  issn = {0928-8910},
  pages = {147--186},
  numpages = {40},
  url = {http://dx.doi.org/10.1007/s10515-013-0130-2},
  doi = {10.1007/s10515-013-0130-2},
  acmid = {2598152},
  publisher = {Kluwer Academic Publishers},
  address = {Hingham, MA, USA},
  keywords = {Graphical User Interfaces, Layout, Model driven engineering, Modernisation, Reengineering, Reverse engineering},
  reference_weight={1},
}
