@inproceedings{7070485,
  author = {B. Basten and M. Hills and P. Klint and D. Landman and A. Shahi and M. J. Steindorfer and J. J. Vinju},
  booktitle = {2015 IEEE 1st International Workshop on Software Analytics (SWAN)},
  title = {M3: A general model for code analytics in rascal},
  year = {2015},
  pages = {25-28},
  keywords = {software libraries;source code (software);specification languages;M3 framework;Rascal meta programming language;code analytics;general model;source code;standard library;Abstracts;Analytical models;Computational modeling;Java;Measurement;Object oriented modeling},
  doi = {10.1109/SWAN.2015.7070485},
  month = {March},
  review = {implementa melhorias no software, chama de 'our PHP static analysis'},
  really_refers_to_software = {yes},
  contribution_weight = {0.5},
}

@inproceedings{7372044,
  author = {M. Hills},
  booktitle = {2015 30th IEEE/ACM International Conference on Automated Software Engineering (ASE)},
  title = {Variable Feature Usage Patterns in PHP (T)},
  year = {2015},
  pages = {563-573},
  keywords = {object-oriented languages;object-oriented methods;public domain software;PHP code;PHP programs;anti-patterns;object-oriented language;open-source systems;variable feature usage patterns;Arrays;Engines;Feature extraction;Open source software;Pattern recognition;Reactive power;Runtime;PHP;Static analysis;dynamic language features;usage patterns},
  doi = {10.1109/ASE.2015.72},
  month = {Nov},
  review = {usa o software para análise de dados},
  really_refers_to_software = {yes},
  contribution_weight = {0.25},
}

@inproceedings{Hills:2014:SLI:2642937.2643017,
  author = {Hills, Mark and Klint, Paul and Vinju, Jurgen J.},
  title = {Static, Lightweight Includes Resolution for PHP},
  booktitle = {Proceedings of the 29th ACM/IEEE International Conference on Automated Software Engineering},
  series = {ASE '14},
  year = {2014},
  isbn = {978-1-4503-3013-8},
  location = {Vasteras, Sweden},
  pages = {503--514},
  numpages = {12},
  url = {http://doi.acm.org/10.1145/2642937.2643017},
  doi = {10.1145/2642937.2643017},
  acmid = {2643017},
  publisher = {ACM},
  address = {New York, NY, USA},
  keywords = {dynamic language features, php, static analysis},
  review = {mesmo artigo selecionado na revisão estruturada},
  really_refers_to_software = {yes},
  contribution_weight = {1},
  step = {structured-review},
  conference = {ASE},
}

@inproceedings{7884652,
  author = {D. Anderson and M. Hills},
  booktitle = {2017 IEEE 24th International Conference on Software Analysis, Evolution and Reengineering (SANER)},
  title = {Query Construction Patterns in PHP},
  year = {2017},
  pages = {452-456},
  keywords = {SQL;application program interfaces;program diagnostics;program processors;query processing;software libraries;MySQL API library;open-source PHP applications;program analysis tool;program comprehension tool;program transformation tool;query construction patterns;Buildings;Computer languages;Databases;Libraries;Open source software;Pattern matching},
  doi = {10.1109/SANER.2017.7884652},
  month = {Feb},
  review = {descreve o software, indica site do software https://github.com/cwi-swat/php-analysis , usa o software},
  really_refers_to_software = {yes},
  contribution_weight = {0.25},
}

@inproceedings{6747217,
  author = {M. Hills and P. Klint},
  booktitle = {2014 Software Evolution Week - IEEE Conference on Software Maintenance, Reengineering, and Reverse Engineering (CSMR-WCRE)},
  title = {PHP AiR: Analyzing PHP systems with Rascal},
  year = {2014},
  pages = {454-457},
  keywords = {Internet;object-oriented languages;program diagnostics;public domain software;security of data;software maintenance;software metrics;Eclipse PHP development tools;PHP AiR;PHP system analysis;Rascal;Web-focused applications;application frameworks;empirical software engineering;open source community;program analysis;programming languages;refactoring;security validation;software metrics;Java;Libraries;Manuals;Performance analysis;Runtime;Software},
  doi = {10.1109/CSMR-WCRE.2014.6747217},
  month = {Feb},
  review = {autores do software, artigo também apresenta o software como contribuição, mesmo ano},
  really_refers_to_software = {yes},
  contribution_weight = {0.1},
}

@inproceedings{200699,
  author = {M. Kuramoto},
  booktitle = {1992 IEEE International Conference on Selected Topics in Wireless Communications},
  title = {Development of a digital cellular system and a digital cordless telephone system in Japan},
  year = {1992},
  pages = {6-10},
  keywords = {cellular radio;cordless telephone systems;digital radio systems;telecommunication standards;JDC;Japan;Japanese Digital Cellular standard;Tokyo;air-interface specifications;digital cellular system;digital cordless telephone system;mobile communication systems;standardization;Frequency;ISDN;Mobile communication;Quadrature phase shift keying;Radio control;Speech codecs;Standardization;Standards development;Telephony;Time division multiple access},
  doi = {10.1109/ICWC.1992.200699},
  month = {Jun},
  review = {não faz referência ao nome do software},
  really_refers_to_software = {no},
}

@inproceedings{7081870,
  author = {M. Hills},
  booktitle = {2015 IEEE 22nd International Conference on Software Analysis, Evolution, and Reengineering (SANER)},
  title = {Evolution of dynamic feature usage in PHP},
  year = {2015},
  pages = {525-529},
  keywords = {Web sites;program diagnostics;programming languages;public domain software;reasoning about programs;MediaWiki;PHP program;WordPress;dynamic feature usage;open-source PHP system;reason about program;Arrays;Feature extraction;History;Maintenance engineering;Market research;Runtime;Software},
  doi = {10.1109/SANER.2015.7081870},
  issn = {1534-5351},
  month = {March},
  review = {usa o software para coleta de dados},
  really_refers_to_software = {yes},
  contribution_weight = {0.25},
}

@inproceedings{Hills:2015:SPD:2823363.2823373,
  author = {Hills, Mark},
  title = {Supporting PHP Dynamic Analysis in PHP AiR},
  booktitle = {Proceedings of the 13th International Workshop on Dynamic Analysis},
  series = {WODA 2015},
  year = {2015},
  isbn = {978-1-4503-3909-4},
  location = {Pittsburgh, PA, USA},
  pages = {37--38},
  numpages = {2},
  url = {http://doi.acm.org/10.1145/2823363.2823373},
  doi = {10.1145/2823363.2823373},
  acmid = {2823373},
  publisher = {ACM},
  address = {New York, NY, USA},
  keywords = {Dynamic analysis, PHP, dynamic language features},
  review = {extende o software para suportar análise dinâmica},
  really_refers_to_software = {yes},
  contribution_weight = {0.5},
}

@inproceedings{7503709,
  author = {M. Hills},
  booktitle = {2016 IEEE 24th International Conference on Program Comprehension (ICPC)},
  title = {Navigating the WordPress plugin landscape},
  year = {2016},
  pages = {1-10},
  keywords = {Web sites;application program interfaces;content management;data mining;text analysis;Web pages;WordPress plugin;content management system;empirical information;extension points;information mining;input request;lightweight analysis;output request;source comments;system events;user-provided code;Blogs;Data mining;HTML;Metadata;Pattern matching;Registers;Standards},
  doi = {10.1109/ICPC.2016.7503709},
  month = {May},
  review = {usa o software e avalia os resultados},
  really_refers_to_software = {yes},
  contribution_weight = {0.25},
}

@inproceedings{5172834,
  author = {M. Hawthorne},
  booktitle = {2009 Integrated Communications, Navigation and Surveillance Conference},
  title = {H=C3 (The three C's of Global Harmonization)},
  year = {2009},
  pages = {1-6},
  keywords = {air traffic;air traffic control;NextGen;air traffic modernization;global air traffic management system;global harmonization;next generation air transportation system;synchronized investments;Air transportation;Asia;Collaborative work;FAA;International collaboration;Investments;Standards development;Standards organizations;Strategic planning;US Government},
  doi = {10.1109/ICNSURV.2009.5172834},
  issn = {2155-4943},
  month = {May},
  review = {não faz referência ao nome do software},
  really_refers_to_software = {no},
}

@inproceedings{Steindorfer:2015:OHM:2814270.2814312,
  author = {Steindorfer, Michael J. and Vinju, Jurgen J.},
  title = {Optimizing Hash-array Mapped Tries for Fast and Lean Immutable JVM Collections},
  booktitle = {Proceedings of the 2015 ACM SIGPLAN International Conference on Object-Oriented Programming, Systems, Languages, and Applications},
  series = {OOPSLA 2015},
  year = {2015},
  isbn = {978-1-4503-3689-5},
  location = {Pittsburgh, PA, USA},
  pages = {783--800},
  numpages = {18},
  url = {http://doi.acm.org/10.1145/2814270.2814312},
  doi = {10.1145/2814270.2814312},
  acmid = {2814312},
  publisher = {ACM},
  address = {New York, NY, USA},
  keywords = {Hash trie, Java Virtual Machine, cache locality, immutability, performance, persistent data structure},
  review = {usa o software para coleta de dados},
  really_refers_to_software = {yes},
  contribution_weight = {0.25},
}

