@inproceedings{Hills:2014:SLI:2642937.2643017,
  author = {Hills, Mark and Klint, Paul and Vinju, Jurgen J.},
  title = {Static, Lightweight Includes Resolution for PHP},
  booktitle = {Proceedings of the 29th ACM/IEEE International Conference on Automated Software Engineering},
  series = {ASE '14},
  year = {2014},
  isbn = {978-1-4503-3013-8},
  location = {Vasteras, Sweden},
  pages = {503--514},
  numpages = {12},
  url = {http://doi.acm.org/10.1145/2642937.2643017},
  doi = {10.1145/2642937.2643017},
  acmid = {2643017},
  publisher = {ACM},
  address = {New York, NY, USA},
  keywords = {dynamic language features, php, static analysis},
  review={artigo selecionado na revis√£o estruturada},
  really_refers_to_software={yes},
  reference_weight={1},
}
