@inproceedings{Cordy:1992:PM:962198.962215,
  author = {Cordy, James R. and Shukla, Medha},
  title = {Practical Metaprogramming},
  booktitle = {Proceedings of the 1992 Conference of the Centre for Advanced Studies on Collaborative Research - Volume 1},
  series = {CASCON '92},
  year = {1992},
  location = {Toronto, Ontario, Canada},
  pages = {215--224},
  numpages = {10},
  url = {http://dl.acm.org/citation.cfm?id=962198.962215},
  acmid = {962215},
  publisher = {IBM Press},
  review = {artigo não encontrado para download},
  really_refers_to_software = {?},
}

@inproceedings{Reiman:1986:SAV:318242.318450,
  author = {Reiman, Martin I. and Weiss, Alan},
  title = {Sensitivity Analysis via Likelihood Ratios},
  booktitle = {Proceedings of the 18th Conference on Winter Simulation},
  series = {WSC '86},
  year = {1986},
  isbn = {0-911801-11-1},
  location = {Washington, D.C., USA},
  pages = {285--289},
  numpages = {5},
  url = {http://doi.acm.org/10.1145/318242.318450},
  doi = {10.1145/318242.318450},
  acmid = {318450},
  publisher = {ACM},
  address = {New York, NY, USA},
  review = {não faz referência ao nome do software},
  really_refers_to_software = {no},
}

@inproceedings{Kortebi:2007:USI:1298126.1298194,
  author = {Kortebi, Riadh M. and Gourhant, Yvon and Agoulmine, Nazim},
  title = {On the Use of Sinr for Interference-aware Routing in Wireless Multi-hop Networks},
  booktitle = {Proceedings of the 10th ACM Symposium on Modeling, Analysis, and Simulation of Wireless and Mobile Systems},
  series = {MSWiM '07},
  year = {2007},
  isbn = {978-1-59593-851-0},
  location = {Chania, Crete Island, Greece},
  pages = {395--399},
  numpages = {5},
  url = {http://doi.acm.org/10.1145/1298126.1298194},
  doi = {10.1145/1298126.1298194},
  acmid = {1298194},
  publisher = {ACM},
  address = {New York, NY, USA},
  keywords = {interference estimation, link-cost estimation, routing metric, wireless multi-hop networks},
  review = {não faz referência ao nome do software},
  really_refers_to_software = {no},
}

@inproceedings{7476415,
  author = {M. Alamir and M. Fiacchini and S. B. Chabane and S. Bacha and T. Kovaltchouk},
  booktitle = {2016 Eleventh International Conference on Ecological Vehicles and Renewable Energies (EVER)},
  title = {Active power control under Grid Code constraints for a tidal farm},
  year = {2016},
  pages = {1-7},
  keywords = {linear programming;power control;tidal power stations;turbines;active power control;grid code constraints;linear programming problem;power demand;tidal turbine farm;Sea measurements;Renewable energy;Tidal Turbines Farm;linear programming},
  doi = {10.1109/EVER.2016.7476415},
  month = {April},
  review = {não faz referência ao nome do software},
  really_refers_to_software = {no},
}

@inproceedings{Tokuyama:1992:EAH:139404.139440,
  author = {Tokuyama, Takeshi and Nakano, Jun},
  title = {Efficient Algorithms for the Hitchcock Transportation Problem},
  booktitle = {Proceedings of the Third Annual ACM-SIAM Symposium on Discrete Algorithms},
  series = {SODA '92},
  year = {1992},
  isbn = {0-89791-466-X},
  location = {Orlando, Florida, USA},
  pages = {175--184},
  numpages = {10},
  url = {http://dl.acm.org/citation.cfm?id=139404.139440},
  acmid = {139440},
  publisher = {Society for Industrial and Applied Mathematics},
  address = {Philadelphia, PA, USA},
  review = {não faz referência ao nome do software},
  really_refers_to_software = {no},
}

@inproceedings{Li:2012:APQ:2187980.2188200,
  author = {Li, Baichuan and Jin, Tan and Lyu, Michael R. and King, Irwin and Mak, Barley},
  title = {Analyzing and Predicting Question Quality in Community Question Answering Services},
  booktitle = {Proceedings of the 21st International Conference on World Wide Web},
  series = {WWW '12 Companion},
  year = {2012},
  isbn = {978-1-4503-1230-1},
  location = {Lyon, France},
  pages = {775--782},
  numpages = {8},
  url = {http://doi.acm.org/10.1145/2187980.2188200},
  doi = {10.1145/2187980.2188200},
  acmid = {2188200},
  publisher = {ACM},
  address = {New York, NY, USA},
  keywords = {analysis, community question answering, prediction, question quality},
  review = {não faz referência ao nome do software},
  really_refers_to_software = {no},
}

@inproceedings{Lamb:1992:FIH:962198.962214,
  author = {Lamb, David Alex and Schneider, Kevin A.},
  title = {Formalization of Information Hiding Design Methods},
  booktitle = {Proceedings of the 1992 Conference of the Centre for Advanced Studies on Collaborative Research - Volume 1},
  series = {CASCON '92},
  year = {1992},
  location = {Toronto, Ontario, Canada},
  pages = {201--214},
  numpages = {14},
  url = {http://dl.acm.org/citation.cfm?id=962198.962214},
  acmid = {962214},
  publisher = {IBM Press},
  review = {artigo não encontrado para download},
  really_refers_to_software = {?},
}

@article{Cordy:2009:EOO:1837852.1621609,
  author = {Cordy, James R.},
  title = {Eating Our Own Dog Food: DSLs for Generative and Transformational Engineering},
  journal = {SIGPLAN Not.},
  issue_date = {February 2010},
  volume = {45},
  number = {2},
  month = {October},
  year = {2009},
  issn = {0362-1340},
  pages = {3--4},
  numpages = {2},
  url = {http://doi.acm.org/10.1145/1837852.1621609},
  doi = {10.1145/1837852.1621609},
  acmid = {1621609},
  publisher = {ACM},
  address = {New York, NY, USA},
  keywords = {domain-specific languages, generative programming, model driven engineering, source transformation systems},
  review = {um keynote talk citando o software mas não temos o conteúdo do talk},
  really_refers_to_software = {no},
}

@inproceedings{4681494,
  author = {T. Zhang and Y. q. Cui},
  booktitle = {2008 IEEE Conference on Robotics, Automation and Mechatronics},
  title = {A Bilateral Control of Teleoperators Based on Time Delay Identification},
  year = {2008},
  pages = {797-802},
  keywords = {delays;identification;telecontrol;time-varying systems;bilateral control;cross-correlation technology;teleoperators;time delay identification;time-varying delay;wave integrals;Communication system control;Control systems;Delay effects;Force control;Master-slave;Predictive models;Propagation delay;Reflection;Scattering;Teleoperators;identification;time-varying delay;wave integrals;wave variables},
  doi = {10.1109/RAMECH.2008.4681494},
  issn = {2158-2181},
  month = {Sept},
  review = {não faz referência ao nome do software},
  really_refers_to_software = {no},
}

@inproceedings{4026861,
  author = {A. D. Thurston and J. R. Cordy},
  booktitle = {2006 Sixth IEEE International Workshop on Source Code Analysis and Manipulation},
  title = {Evolving TXL},
  year = {2006},
  pages = {117-126},
  keywords = {Computer languages;Conferences;Functional programming;Heart;Large-scale systems;Logic programming;Prototypes;Testing;Web page design},
  doi = {10.1109/SCAM.2006.14},
  month = {Sept},
  review = {é o mesmo artigo que publicou o software},
  really_refers_to_software = {no},
}

