@inproceedings{Kirchberg:2003:IPF:820085.820112,
  author = {Kirchberg, Markus and Link, Sebastian},
  title = {On the Implication Problem for Functional Dependencies in the Higher-order Entity-relationship Model},
  booktitle = {Proceedings of the 14th Australasian Database Conference - Volume 17},
  series = {ADC '03},
  year = {2003},
  isbn = {0-909-92595-X},
  location = {Adelaide, Australia},
  pages = {115--124},
  numpages = {10},
  url = {http://dl.acm.org/citation.cfm?id=820085.820112},
  acmid = {820112},
  publisher = {Australian Computer Society, Inc.},
  address = {Darlinghurst, Australia, Australia},
  keywords = {advanced foundations of databases, entity-relationship modeling, functional dependencies, logic in databases},
}

@article{Gottlob:2010:MDO:1838552.1838555,
  author = {Gottlob, Georg and Pichler, Reinhard and Wei, Fang},
  title = {Monadic Datalog over Finite Structures of Bounded Treewidth},
  journal = {ACM Trans. Comput. Logic},
  issue_date = {October 2010},
  volume = {12},
  number = {1},
  month = nov,
  year = {2010},
  issn = {1529-3785},
  pages = {3:1--3:48},
  articleno = {3},
  numpages = {48},
  url = {http://doi.acm.org/10.1145/1838552.1838555},
  doi = {10.1145/1838552.1838555},
  acmid = {1838555},
  publisher = {ACM},
  address = {New York, NY, USA},
  keywords = {Datalog, Monadic second-order logic, fixed-parameter tractability, tree decomposition, treewidth},
}

@inproceedings{Morgenshtein:2008:TOL:1353610.1353615,
  author = {Morgenshtein, Arkadiy and Friedman, Eby G. and Ginosar, Ran and Kolodny, Avinoam},
  title = {Timing Optimization in Logic with Interconnect},
  booktitle = {Proceedings of the 2008 International Workshop on System Level Interconnect Prediction},
  series = {SLIP '08},
  year = {2008},
  isbn = {978-1-59593-918-0},
  location = {Newcastle, United Kingdom},
  pages = {19--26},
  numpages = {8},
  url = {http://doi.acm.org/10.1145/1353610.1353615},
  doi = {10.1145/1353610.1353615},
  acmid = {1353615},
  publisher = {ACM},
  address = {New York, NY, USA},
  keywords = {interconnect, logic circuits, logical effort, repeaters, timing optimization},
}

@article{Knuth:1996:II:235141.235146,
  author = {Knuth, Donald E.},
  title = {Irredundant Intervals},
  journal = {J. Exp. Algorithmics},
  issue_date = {1996},
  volume = {1},
  month = jan,
  year = {1996},
  issn = {1084-6654},
  articleno = {1},
  url = {http://doi.acm.org/10.1145/235141.235146},
  doi = {10.1145/235141.235146},
  acmid = {235146},
  publisher = {ACM},
  address = {New York, NY, USA},
}

@article{Rothlauf:2003:RRE:965211.965214,
  author = {Rothlauf, Franz and Goldberg, David E.},
  title = {Redundant Representations in Evolutionary Computation},
  journal = {Evol. Comput.},
  issue_date = {Winter 2003},
  volume = {11},
  number = {4},
  month = dec,
  year = {2003},
  issn = {1063-6560},
  pages = {381--415},
  numpages = {35},
  url = {http://dx.doi.org/10.1162/106365603322519288},
  doi = {10.1162/106365603322519288},
  acmid = {965214},
  publisher = {MIT Press},
  address = {Cambridge, MA, USA},
  keywords = {link-and-node biased encoding, neutral networks, neutral theory, non-synonymously redundant, redundant representations, synonymously redundant, trivial voting mapping},
}

@inproceedings{Lee:2001:PGT:603095.603111,
  author = {Lee, Yu Min and Chen, Charlie Chung Ping},
  title = {Power Grid Transient Simulation in Linear Time Based on Transmission-line-modeling Alternating-direction-implicit Method},
  booktitle = {Proceedings of the 2001 IEEE/ACM International Conference on Computer-aided Design},
  series = {ICCAD '01},
  year = {2001},
  isbn = {0-7803-7249-2},
  location = {San Jose, California},
  pages = {75--80},
  numpages = {6},
  url = {http://dl.acm.org/citation.cfm?id=603095.603111},
  acmid = {603111},
  publisher = {IEEE Press},
  address = {Piscataway, NJ, USA},
}

@article{Yu:2012:SCC:2345141.2248438,
  author = {Yu, Fang and Yang, Shun-Ching and Wang, Farn and Chen, Guan-Cheng and Chan, Che-Chang},
  title = {Symbolic Consistency Checking of OpenMp Parallel Programs},
  journal = {SIGPLAN Not.},
  issue_date = {MAY 2012},
  volume = {47},
  number = {5},
  month = jun,
  year = {2012},
  issn = {0362-1340},
  pages = {139--148},
  numpages = {10},
  url = {http://doi.acm.org/10.1145/2345141.2248438},
  doi = {10.1145/2345141.2248438},
  acmid = {2248438},
  publisher = {ACM},
  address = {New York, NY, USA},
  keywords = {OpenMP, consistency, data race, parallel programs, symbolic simulation},
}

@inproceedings{Yu:2012:SCC:2248418.2248438,
  author = {Yu, Fang and Yang, Shun-Ching and Wang, Farn and Chen, Guan-Cheng and Chan, Che-Chang},
  title = {Symbolic Consistency Checking of OpenMp Parallel Programs},
  booktitle = {Proceedings of the 13th ACM SIGPLAN/SIGBED International Conference on Languages, Compilers, Tools and Theory for Embedded Systems},
  series = {LCTES '12},
  year = {2012},
  isbn = {978-1-4503-1212-7},
  location = {Beijing, China},
  pages = {139--148},
  numpages = {10},
  url = {http://doi.acm.org/10.1145/2248418.2248438},
  doi = {10.1145/2248418.2248438},
  acmid = {2248438},
  publisher = {ACM},
  address = {New York, NY, USA},
  keywords = {OpenMP, consistency, data race, parallel programs, symbolic simulation},
}

@article{Cesa-Bianchi:1997:UEA:258128.258179,
  author = {Cesa-Bianchi, Nicol\`{o} and Freund, Yoav and Haussler, David and Helmbold, David P. and Schapire, Robert E. and Warmuth, Manfred K.},
  title = {How to Use Expert Advice},
  journal = {J. ACM},
  issue_date = {May 1997},
  volume = {44},
  number = {3},
  month = may,
  year = {1997},
  issn = {0004-5411},
  pages = {427--485},
  numpages = {59},
  url = {http://doi.acm.org/10.1145/258128.258179},
  doi = {10.1145/258128.258179},
  acmid = {258179},
  publisher = {ACM},
  address = {New York, NY, USA},
  keywords = {algorithms},
}

@inproceedings{Fomin:2010:ALB:1873601.1873643,
  author = {Fomin, Fedor V. and Golovach, Petr A. and Lokshtanov, Daniel and Saurabh, Saket},
  title = {Algorithmic Lower Bounds for Problems Parameterized by Clique-width},
  booktitle = {Proceedings of the Twenty-first Annual ACM-SIAM Symposium on Discrete Algorithms},
  series = {SODA '10},
  year = {2010},
  isbn = {978-0-898716-98-6},
  location = {Austin, Texas},
  pages = {493--502},
  numpages = {10},
  url = {http://dl.acm.org/citation.cfm?id=1873601.1873643},
  acmid = {1873643},
  publisher = {Society for Industrial and Applied Mathematics},
  address = {Philadelphia, PA, USA},
}

@article{Li:2011:EFF:2035111.2035120,
  author = {Li, Guoliang and Ji, Shengyue and Li, Chen and Feng, Jianhua},
  title = {Efficient Fuzzy Full-text Type-ahead Search},
  journal = {The VLDB Journal},
  issue_date = {August    2011},
  volume = {20},
  number = {4},
  month = aug,
  year = {2011},
  issn = {1066-8888},
  pages = {617--640},
  numpages = {24},
  url = {http://dx.doi.org/10.1007/s00778-011-0218-x},
  doi = {10.1007/s00778-011-0218-x},
  acmid = {2035120},
  publisher = {Springer-Verlag New York, Inc.},
  address = {Secaucus, NJ, USA},
  keywords = {Auto complete, Full-text search, Fuzzy search, Type-ahead search},
}

@inproceedings{Fredman:1989:CPC:73007.73040,
  author = {Fredman, M. and Saks, M.},
  title = {The Cell Probe Complexity of Dynamic Data Structures},
  booktitle = {Proceedings of the Twenty-first Annual ACM Symposium on Theory of Computing},
  series = {STOC '89},
  year = {1989},
  isbn = {0-89791-307-8},
  location = {Seattle, Washington, USA},
  pages = {345--354},
  numpages = {10},
  url = {http://doi.acm.org/10.1145/73007.73040},
  doi = {10.1145/73007.73040},
  acmid = {73040},
  publisher = {ACM},
  address = {New York, NY, USA},
}
