@inproceedings{Kroening:2009:LSA:1747491.1747579,
  author = {Kroening, Daniel and Sharygina, Natasha and Tonetta, Stefano and Tsitovich, Aliaksei and Wintersteiger, Christoph M.},
  title = {Loopfrog: A Static Analyzer for ANSI-C Programs},
  booktitle = {Proceedings of the 2009 IEEE/ACM International Conference on Automated Software Engineering},
  series = {ASE '09},
  year = {2009},
  isbn = {978-0-7695-3891-4},
  pages = {668--670},
  numpages = {3},
  url = {http://dx.doi.org/10.1109/ASE.2009.35},
  doi = {10.1109/ASE.2009.35},
  acmid = {1747579},
  publisher = {IEEE Computer Society},
  address = {Washington, DC, USA},
  review={mesmo artigo selecionado na revisão estruturada},
  really_refers_to_software={yes},
  contribution_weight={1},
  step={structured-review},
  conference={ASE},
}

@inproceedings{Choudhury:2012:RTR:2134254.2134260,
  author = {Choudhury, Anirban Roy and Bhattacharjee, A. K.},
  title = {RED: A Tool for Runtime Error Detection in C Programs Using Abstract Interpretation},
  booktitle = {Proceedings of the 5th India Software Engineering Conference},
  series = {ISEC '12},
  year = {2012},
  isbn = {978-1-4503-1142-7},
  location = {Kanpur, India},
  pages = {37--40},
  numpages = {4},
  url = {http://doi.acm.org/10.1145/2134254.2134260},
  doi = {10.1145/2134254.2134260},
  acmid = {2134260},
  publisher = {ACM},
  address = {New York, NY, USA},
  keywords = {abstract interpretation, invariants, runtime error detection, static analysis, two stack algorithm},
  review={cita o software como trabalho relacionado},
  really_refers_to_software={yes},
  contribution_weight={0.1},
}

@inproceedings{Nori:2013:TPT:2491411.2491413,
  author = {Nori, Aditya V. and Sharma, Rahul},
  title = {Termination Proofs from Tests},
  booktitle = {Proceedings of the 2013 9th Joint Meeting on Foundations of Software Engineering},
  series = {ESEC/FSE 2013},
  year = {2013},
  isbn = {978-1-4503-2237-9},
  location = {Saint Petersburg, Russia},
  pages = {246--256},
  numpages = {11},
  url = {http://doi.acm.org/10.1145/2491411.2491413},
  doi = {10.1145/2491411.2491413},
  acmid = {2491413},
  publisher = {ACM},
  address = {New York, NY, USA},
  keywords = {Machine learning, Software model checking, Termination},
  review={avalia uma séria de ferramentas, dentre eles o LoopFrog},
  really_refers_to_software={yes},
  contribution_weight={0.25},
}
