@ARTICLE{7076582,
  author={V. Bajpai and J. Schönwälder},
  journal={IEEE Communications Surveys Tutorials},
  title={A Survey on Internet Performance Measurement Platforms and Related Standardization Efforts},
  year={2015},
  volume={17},
  number={3},
  pages={1313-1341},
  keywords={Internet;computer network performance evaluation;telecommunication standards;Internet performance measurement platforms;access network;backbone network;residential gateway;standardization efforts;strategic locations;Broadband communication;Extraterrestrial measurements;Internet;Probes;Servers;Wireless communication;Measurements;broadband;fixed-line;measurement-tools;measurements;metrics;mobile;platforms;standardization},
  doi={10.1109/COMST.2015.2418435},
  ISSN={1553-877X},
  month={thirdquarter},
  review={cita um outro projeto com o mesmo nome mas sem relação ao software},
  really_refers_to_software={no},
}

@INPROCEEDINGS{7546536,
  author={R. Chatterjee and A. Athayle and D. Akhawe and A. Juels and T. Ristenpart},
  booktitle={2016 IEEE Symposium on Security and Privacy (SP)},
  title={pASSWORD tYPOS and How to Correct Them Securely},
  year={2016},
  pages={799-818},
  keywords={Internet;security of data;Amazon Mechanical Turk;Dropbox;arbitrary user-selected passwords;capitalization errors;industry settings;login attempts;login delay reduction;password typos;password usability;production login infrastructure instrumentation;secure correction;typo-tolerance reasoning framework;typo-tolerant password authentication;typographical error correction;user password recording;Authentication;Facebook;Industries;Instruments;Production;Usability;Authentication;Correction;Error;Mistakes;Password;Typos},
  doi={10.1109/SP.2016.53},
  month={May},
  review={cita um artigo com o nome do software no título, não aparenta ter relação com o mesmo software},
  really_refers_to_software={no},
}

@INPROCEEDINGS{7102595,
  author={S. Mirshokraie and A. Mesbah and K. Pattabiraman},
  booktitle={2015 IEEE 8th International Conference on Software Testing, Verification and Validation (ICST)},
  title={JSEFT: Automated Javascript Unit Test Generation},
  year={2015},
  pages={1-10},
  keywords={Java;hypermedia markup languages;program testing;DOM;HTML validation;JSEFT;JavaScript application;JavaScript code;JavaScript function;JavaScript test automation framework;JavaScript-based application;Web test automation technique;automated Javascript unit test generation;document object model;event sequence;function coverage maximization;function state abstraction algorithm;generic soft oracle;mutation-based oracle;runtime exception;runtime interaction;test case generation;Algorithm design and analysis;HTML;Instruments;Measurement;Reactive power;Runtime;Testing},
  doi={10.1109/ICST.2015.7102595},
  ISSN={2159-4848},
  month={April},
  review={cita o artigo selecionado na revisão estruturada},
  really_refers_to_software={no},
}

@INPROCEEDINGS{7395619,
  author={K. Alse and M. Lahoti and M. Verma and S. Iyer},
  booktitle={2015 IEEE Seventh International Conference on Technology for Education (T4E)},
  title={GATutor: A Guided Discovery Based Tutor for Designing Greedy Algorithm},
  year={2015},
  pages={61-68},
  keywords={computer aided instruction;computer science education;greedy algorithms;teaching;GATutor;automated tutoring;greedy algorithm;guided discovery-based tutor;teaching;Algorithm design and analysis;Animation;Context;Education;Greedy algorithms;Visualization;Writing;Automated Tutoring;Greedy Algorithms;Guided Discovery;Teaching Algorithms},
  doi={10.1109/T4E.2015.26},
  month={Dec},
  review={cita um artigo com o nome do software no título, não aparenta ter relação com o mesmo software},
  really_refers_to_software={no},
}

@ARTICLE{709365,
  author={A. Fox and S. D. Gribble and Y. Chawathe and E. A. Brewer},
  journal={IEEE Personal Communications},
  title={Adapting to network and client variation using infrastructural proxies: lessons and perspectives},
  year={1998},
  volume={5},
  number={4},
  pages={10-19},
  keywords={Internet;interactive systems;network servers;TranSend;UC Berkeley;application servers;application-level techniques;client variation;color depth;data formats;data-type-specific distillation;effective bandwidth;handheld-device applications;hardware properties;infrastructural proxies;interactive Internet services;lossy compression;network infrastructure;network variation;on-the-fly adaptation;operating costs;processing power;programming model;scalable cluster-based framework;scalable transformational Web proxy;screen size;software properties;Bandwidth;Color;Costs;Hardware;Large-scale systems;Machinery;Network servers;Production;Web and internet services;Web server},
  doi={10.1109/98.709365},
  ISSN={1070-9916},
  month={Aug},
  review={cita um outro projeto com o mesmo nome deste software},
  really_refers_to_software={no},
}

@INPROCEEDINGS{1040711,
  author={A. Gaddah and A. El-Shentenawy and T. Kunz and R. Hafez},
  booktitle={Proceedings IEEE 56th Vehicular Technology Conference},
  title={Image transcoding proxy for mobile Internet access},
  year={2002},
  volume={2},
  pages={807-811 vol.2},
  keywords={Internet;client-server systems;image coding;mobile computing;visual communication;WWW servers;client device capabilities;client devices;communication conditions;image transcoding proxy;image transmission;inline image access;mobile Internet access;mobile computing;proxyclient link;small-screened mobile devices;transcoded images;user preferences;Bandwidth;Batteries;Color;Displays;Error analysis;Internet;Mobile computing;Portable computers;Transcoding;World Wide Web},
  doi={10.1109/VETECF.2002.1040711},
  ISSN={1090-3038},
  month={},
  review={cita um outro projeto com o mesmo nome deste software},
  really_refers_to_software={no},
}

@INPROCEEDINGS{6980379,
  author={X. Luo and L. Xue and C. Shi and Y. Shao and C. Qian and E. W. W. Chan},
  booktitle={2014 IEEE 22nd International Conference on Network Protocols},
  title={On Measuring One-Way Path Metrics from a Web Server},
  year={2014},
  pages={203-208},
  keywords={Internet;hypermedia markup languages;transport protocols;HTML5;HTTP;OWPScope;TCP;Web server;adaptive online services;one way path metrics;packet loss;packet reordering;server side measurement systems;Browsers;Jitter;Packet loss;Web servers},
  doi={10.1109/ICNP.2014.40},
  ISSN={1092-1648},
  month={Oct},
  review={cita um artigo com o nome do software no título, não aparenta ter relação com o mesmo software},
  really_refers_to_software={no},
}

@INPROCEEDINGS{1174245,
  author={C. Walters and R. Zhang},
  booktitle={36th Annual Hawaii International Conference on System Sciences, 2003. Proceedings of the},
  title={PDA access to Internet content: focus on forms},
  year={2003},
  pages={9 pp.-},
  keywords={Internet;notebook computers;Internet content;PDA access;Web applications;Web content access;Web pages;wireless technology;Application software;Business continuity;Character recognition;Collaboration;Computer science;Computer science education;Internet;Marketing and sales;Personal digital assistants;Web pages},
  doi={10.1109/HICSS.2003.1174245},
  month={Jan},
  review={cita um outro projeto com o mesmo nome deste software},
  really_refers_to_software={no},
}

@INPROCEEDINGS{6693121,
  author={S. Mirshokraie and A. Mesbah and K. Pattabiraman},
  booktitle={2013 28th IEEE/ACM International Conference on Automated Software Engineering (ASE)},
  title={PYTHIA: Generating test cases with oracles for JavaScript applications},
  year={2013},
  pages={610-615},
  keywords={Java;Web services;automatic test software;program testing;software fault tolerance;software tools;DOM;JavaScript applications;JavaScript code;JavaScript functions;PYTHIA;Web developer;automatic test oracles generation;automatic unit test case generation;complex interaction;document object model;faults detection;manually execution path exploration;software testing;software tool;Browsers;Instruments;Java;Measurement;Reactive power;Runtime;Testing;DOM;JavaScript;oracles;test generation},
  doi={10.1109/ASE.2013.6693121},
  month={Nov},
  review={mesmo artigo selecionado na revisão estruturada},
  really_refers_to_software={yes},
  contribution_weight={1},
  step={study1},
  conference={ASE},
}

@INPROCEEDINGS{5770591,
  author={A. Nanda and S. Mani and S. Sinha and M. J. Harrold and A. Orso},
  booktitle={2011 Fourth IEEE International Conference on Software Testing, Verification and Validation},
  title={Regression testing in the presence of non-code changes},
  year={2011},
  pages={21-30},
  keywords={program testing;program verification;regression analysis;RTS techniques;modified software validation;noncode changes;regression test selection;traceability computation;Analytical models;Computational modeling;Databases;Protocols;Software;Testing;Unified modeling language},
  doi={10.1109/ICST.2011.60},
  ISSN={2159-4848},
  month={March},
  review={cita um artigo com o nome do software no título, não aparenta ter relação com o mesmo software},
  really_refers_to_software={no},
}
