@inproceedings{Magnusson:2007:EAG:1306878.1307363,
  author = {Magnusson, Eva and Ekman, Torbjorn and Hedin, Gorel},
  title = {Extending Attribute Grammars with Collection Attributes--Evaluation and Applications},
  booktitle = {Proceedings of the Seventh IEEE International Working Conference on Source Code Analysis and Manipulation},
  series = {SCAM '07},
  year = {2007},
  isbn = {0-7695-2880-5},
  pages = {69--80},
  numpages = {12},
  url = {http://dx.doi.org/10.1109/SCAM.2007.8},
  doi = {10.1109/SCAM.2007.8},
  acmid = {1307363},
  publisher = {IEEE Computer Society},
  address = {Washington, DC, USA},
  review={artigo selecionado na revis√£o estruturada},
  really_refers_to_software={yes},
  reference_weight={1},
}
