@inproceedings{Lillack:2014:TLC:2642937.2643001,
  author = {Lillack, Max and K\"{a}stner, Christian and Bodden, Eric},
  title = {Tracking Load-time Configuration Options},
  booktitle = {Proceedings of the 29th ACM/IEEE International Conference on Automated Software Engineering},
  series = {ASE '14},
  year = {2014},
  isbn = {978-1-4503-3013-8},
  location = {Vasteras, Sweden},
  pages = {445--456},
  numpages = {12},
  url = {http://doi.acm.org/10.1145/2642937.2643001},
  doi = {10.1145/2642937.2643001},
  acmid = {2643001},
  publisher = {ACM},
  address = {New York, NY, USA},
  keywords = {configuration options, static analysis, variability mining},
  review={mesmo artigo selecionado na revis√£o estruturada},
  really_refers_to_software={yes},
  mention_type={contribute},
  contribution_weight={1},
  step={study1},
  conference={ASE},
}
