@inproceedings{Ekman:2008:RT:1636642.1636647,
  author = {Ekman, Torbj\"{o}rn and Sch\"{a}fer, Max and Verbaere, Mathieu},
  title = {Refactoring is Not (Yet) About Transformation},
  booktitle = {Proceedings of the 2Nd Workshop on Refactoring Tools},
  series = {WRT '08},
  year = {2008},
  isbn = {978-1-60558-339-6},
  location = {Nashville, Tennessee},
  pages = {5:1--5:4},
  articleno = {5},
  numpages = {4},
  url = {http://doi.acm.org/10.1145/1636642.1636647},
  doi = {10.1145/1636642.1636647},
  acmid = {1636647},
  publisher = {ACM},
  address = {New York, NY, USA},
  keywords = {IDEs, extensible compilers, refactoring},
  review = {extende o JastAdd extensible Java compiler (JastAddJ)},
  really_refers_to_software = {yes},
  contribution_weight = {0.25},
}

@inproceedings{7582769,
  author = {T. Szabó and S. Erdweg and M. Voelter},
  booktitle = {2016 31st IEEE/ACM International Conference on Automated Software Engineering (ASE)},
  title = {IncA: A DSL for the definition of incremental program analyses},
  year = {2016},
  pages = {320-331},
  keywords = {Java;program diagnostics;software engineering;specification languages;DSL;IncA analysis;Java;domain-specific language;incremental program analysis;software development;static program analysis;DSL;Java;Optimization;Pattern matching;Program processors;Runtime;Domain-specific Language;Incremental Computation;Language Workbench;Static Analysis},
  month = {Sept},
  review = {cita o software como trabalho relacionado},
  really_refers_to_software = {yes},
  contribution_weight = {0.1},
}

@article{Ryu:2016:TOL:2914585.2888392,
  author = {Ryu, Sukyoung},
  title = {ThisType for Object-Oriented Languages: From Theory to Practice},
  journal = {ACM Trans. Program. Lang. Syst.},
  issue_date = {May 2016},
  volume = {38},
  number = {3},
  month = {April},
  year = {2016},
  issn = {0164-0925},
  pages = {8:1--8:66},
  articleno = {8},
  numpages = {66},
  url = {http://doi.acm.org/10.1145/2888392},
  doi = {10.1145/2888392},
  acmid = {2888392},
  publisher = {ACM},
  address = {New York, NY, USA},
  keywords = {Object-oriented languages, ThisType, binary methods, exact types, generic factory methods, virtual constructors},
  review = {usa o software na implementação de um protótipo},
  really_refers_to_software = {yes},
  contribution_weight = {0.25},
}

@inproceedings{6957256,
  author = {K. Williams and M. Le and T. Kaminski and E. V. Wyk},
  booktitle = {2014 43rd International Conference on Parallel Processing},
  title = {A Compiler Extension for Parallel Matrix Programming},
  year = {2014},
  pages = {471-480},
  keywords = {C language;data mining;formal specification;matrix algebra;optimisation;parallel programming;program compilers;C language;compiler extension;high-level domain-specific optimization;language feature;loop-tiling technique;matrix operation;parallel C code;parallel matrix programming;prototype extensible C translator;semantic analysis;spatio-temporal data mining;syntax analysis;vector processor;Generators;Indexing;Instruction sets;Oceans;Semantics;Syntactics;extensible languages;matrix programming;parallel programming},
  doi = {10.1109/ICPP.2014.56},
  issn = {0190-3918},
  month = {Sept},
  review = {cita o software como trabalho relacionado},
  really_refers_to_software = {yes},
  contribution_weight = {0.1},
}

@inproceedings{Schafer:2010:CRC:1883978.1883994,
  author = {Sch\"{a}fer, Max and Dolby, Julian and Sridharan, Manu and Torlak, Emina and Tip, Frank},
  title = {Correct Refactoring of Concurrent Java Code},
  booktitle = {Proceedings of the 24th European Conference on Object-oriented Programming},
  series = {ECOOP'10},
  year = {2010},
  isbn = {3-642-14106-4, 978-3-642-14106-5},
  location = {Maribor, Slovenia},
  pages = {225--249},
  numpages = {25},
  url = {http://dl.acm.org/citation.cfm?id=1883978.1883994},
  acmid = {1883994},
  publisher = {Springer-Verlag},
  address = {Berlin, Heidelberg},
  review = {usa a gramatica do JastAdd e contribui com o JastAddJ},
  really_refers_to_software = {yes},
  contribution_weight = {0.5},
}

@article{Ekman:2007:JEJ:1297105.1297029,
  author = {Ekman, Torbj\"{o}rn and Hedin, G\"{o}rel},
  title = {The Jastadd Extensible Java Compiler},
  journal = {SIGPLAN Not.},
  issue_date = {October 2007},
  volume = {42},
  number = {10},
  month = {October},
  year = {2007},
  issn = {0362-1340},
  pages = {1--18},
  numpages = {18},
  url = {http://doi.acm.org/10.1145/1297105.1297029},
  doi = {10.1145/1297105.1297029},
  acmid = {1297029},
  publisher = {ACM},
  address = {New York, NY, USA},
  keywords = {OOP, compilers, declarative frameworks, extensibility, java, modularity},
  review = {apresenta o JastAdd Extensible Java Compiler (JastAddJ) implementado usando JastAdd},
  really_refers_to_software = {yes},
  contribution_weight = {0.25},
}

@inproceedings{1541153,
  author = {E. Visser},
  booktitle = {Fifth IEEE International Workshop on Source Code Analysis and Manipulation (SCAM'05)},
  title = {Transformations for abstractions},
  year = {2005},
  pages = {3-12},
  keywords = {program compilers;programming environments;Stratego;program transformations;programming environments;transformation language;Application software;Control systems;Documentation;Domain specific languages;Java;Knowledge based systems;Optimizing compilers;Program processors;Programming environments;Programming profession},
  doi = {10.1109/SCAM.2005.26},
  month = {Sept},
  review = {cita o software como trabalho relacionado},
  really_refers_to_software = {yes},
  contribution_weight = {0.1},
}

@inproceedings{Petrashko:2017:MCU:3062341.3062346,
  author = {Petrashko, Dmitry and Lhot\'{a}k, Ond\v{r}ej and Odersky, Martin},
  title = {Miniphases: Compilation Using Modular and Efficient Tree Transformations},
  booktitle = {Proceedings of the 38th ACM SIGPLAN Conference on Programming Language Design and Implementation},
  series = {PLDI 2017},
  year = {2017},
  isbn = {978-1-4503-4988-8},
  location = {Barcelona, Spain},
  pages = {201--216},
  numpages = {16},
  url = {http://doi.acm.org/10.1145/3062341.3062346},
  doi = {10.1145/3062341.3062346},
  acmid = {3062346},
  publisher = {ACM},
  address = {New York, NY, USA},
  keywords = {cache locality, compiler performance, tree traversal fusion},
  review = {cita o software como trabalho relacionado},
  really_refers_to_software = {yes},
  contribution_weight = {0.1},
}

@inproceedings{Nilsson:2002:RJR:581630.581680,
  author = {Nilsson, Anders and Ekman, Torbj\"{o}rn and Nilsson, Klas},
  title = {Real Java for Real Time - Gain and Pain},
  booktitle = {Proceedings of the 2002 International Conference on Compilers, Architecture, and Synthesis for Embedded Systems},
  series = {CASES '02},
  year = {2002},
  isbn = {1-58113-575-0},
  location = {Grenoble, France},
  pages = {304--311},
  numpages = {8},
  url = {http://doi.acm.org/10.1145/581630.581680},
  doi = {10.1145/581630.581680},
  acmid = {581680},
  publisher = {ACM},
  address = {New York, NY, USA},
  keywords = {embedded systems, real-time Java, rtj},
  review = {cita um artigo com o nome do software no título},
  really_refers_to_software = {no},
}

@inproceedings{deJonge:2012:LGS:2427048.2427050,
  author = {de Jonge, Maartje and Visser, Eelco},
  title = {A Language Generic Solution for Name Binding Preservation in Refactorings},
  booktitle = {Proceedings of the Twelfth Workshop on Language Descriptions, Tools, and Applications},
  series = {LDTA '12},
  year = {2012},
  isbn = {978-1-4503-1536-4},
  location = {Tallinn, Estonia},
  pages = {2:1--2:8},
  articleno = {2},
  numpages = {8},
  url = {http://doi.acm.org/10.1145/2427048.2427050},
  doi = {10.1145/2427048.2427050},
  acmid = {2427050},
  publisher = {ACM},
  address = {New York, NY, USA},
  keywords = {refactoring, static analysis},
  review = {descreve o software, implementa uma nova abordagem usando JastAdd, usa o software},
  really_refers_to_software = {yes},
  contribution_weight = {0.25},
}

@inproceedings{Wu:2006:SCC:1141277.1141646,
  author = {Wu, Xiaoqing and Bryant, Barrett R. and Gray, Jeff and Roychoudhury, Suman and Mernik, Marjan},
  title = {Separation of Concerns in Compiler Development Using Aspect-orientation},
  booktitle = {Proceedings of the 2006 ACM Symposium on Applied Computing},
  series = {SAC '06},
  year = {2006},
  isbn = {1-59593-108-2},
  location = {Dijon, France},
  pages = {1585--1590},
  numpages = {6},
  url = {http://doi.acm.org/10.1145/1141277.1141646},
  doi = {10.1145/1141277.1141646},
  acmid = {1141646},
  publisher = {ACM},
  address = {New York, NY, USA},
  keywords = {aspect-oriented programming, compiler design, design patterns},
  review = {cita o software como trabalho relacionado},
  really_refers_to_software = {yes},
  contribution_weight = {0.1},
}

@inproceedings{5601827,
  author = {M. Pise},
  booktitle = {2010 10th IEEE Working Conference on Source Code Analysis and Manipulation},
  title = {The Fika Parser Generator},
  year = {2010},
  pages = {99-100},
  keywords = {context-free grammars;inheritance;program compilers;Fika parser generator;context-free;developer productivity;executable parser;grammar development;grammar reuse;inheritance-like module reuse;parser development;Computer languages;Generators;Grammar;Marine vehicles;Productivity;Rivers},
  doi = {10.1109/SCAM.2010.27},
  month = {Sept},
  review = {cita o software como trabalho relacionado},
  really_refers_to_software = {yes},
  contribution_weight = {0.1},
}

@inproceedings{7070485,
  author = {B. Basten and M. Hills and P. Klint and D. Landman and A. Shahi and M. J. Steindorfer and J. J. Vinju},
  booktitle = {2015 IEEE 1st International Workshop on Software Analytics (SWAN)},
  title = {M3: A general model for code analytics in rascal},
  year = {2015},
  pages = {25-28},
  keywords = {software libraries;source code (software);specification languages;M3 framework;Rascal meta programming language;code analytics;general model;source code;standard library;Abstracts;Analytical models;Computational modeling;Java;Measurement;Object oriented modeling},
  doi = {10.1109/SWAN.2015.7070485},
  month = {March},
  review = {cita o software como trabalho relacionado},
  really_refers_to_software = {yes},
  contribution_weight = {0.1},
}

@inproceedings{6078313,
  author = {D. Rodríguez-Cerezo and A. Sarasa-Cabezuelo and J. L. Sierra},
  booktitle = {2011 Federated Conference on Computer Science and Information Systems (FedCSIS)},
  title = {Implementing attribute grammars using conventional compiler construction tools},
  year = {2011},
  pages = {855-862},
  keywords = {attribute grammars;formal specification;program compilers;attribute grammar-based specification;bottom-up language translator;bottom-up oriented translation scheme;bottom-up parser generation tool;conventional compiler construction tool;data-driven strategy;demand-driven strategy;primitive attribution operation;structure-preserving coding pattern;syntax-directed translation scheme;translation scheme-driven tool;Computer languages;Encoding;Equations;Generators;Grammar;Program processors;Semantics},
  month = {Sept},
  review = {cita um outro artigo sobre o software},
  really_refers_to_software = {yes},
  contribution_weight = {0.1},
}

@inproceedings{Renggli:2010:ELW:1883978.1884006,
  author = {Renggli, Lukas and G\^{\i}rba, Tudor and Nierstrasz, Oscar},
  title = {Embedding Languages Without Breaking Tools},
  booktitle = {Proceedings of the 24th European Conference on Object-oriented Programming},
  series = {ECOOP'10},
  year = {2010},
  isbn = {3-642-14106-4, 978-3-642-14106-5},
  location = {Maribor, Slovenia},
  pages = {380--404},
  numpages = {25},
  url = {http://dl.acm.org/citation.cfm?id=1883978.1884006},
  acmid = {1884006},
  publisher = {Springer-Verlag},
  address = {Berlin, Heidelberg},
  review = {cita o software como trabalho relacionado},
  really_refers_to_software = {yes},
  contribution_weight = {0.1},
}

@article{1425316,
  author = {M. van den Brand and P. E. Moreau and J. Vinju},
  journal = {IEE Proceedings - Software},
  title = {Generator of efficient strongly typed abstract syntax trees in Java},
  year = {2005},
  volume = {152},
  number = {2},
  pages = {70-78},
  keywords = {Java;abstract data types;application program interfaces;program compilers;tree data structures;ApiGen;Java back-end;generic interface;maximal sub-term sharing;programming interfaces;strong typing;strongly typed abstract syntax tree generator;strongly typed data-structure},
  doi = {10.1049/ip-sen:20041181},
  issn = {1462-5970},
  month = {April},
  review = {cita o software como trabalho relacionado},
  really_refers_to_software = {yes},
  contribution_weight = {0.1},
}

@inproceedings{6883016,
  author = {N. Fors and G. Hedin},
  booktitle = {2014 IEEE Symposium on Visual Languages and Human-Centric Computing (VL/HCC)},
  title = {Intercepting dataflow connections in diagrams with inheritance},
  year = {2014},
  pages = {21-24},
  keywords = {control engineering computing;control systems;program compilers;programming languages;visual programming;connection interception concept;control systems;dataflow connections;inheritance concept;visual dataflow-based languages;Feedforward neural networks;Libraries;Ports (Computers);Runtime;Semantics;Syntactics;Visualization;dataflow;inheritance;intercept;variability;visual},
  doi = {10.1109/VLHCC.2014.6883016},
  issn = {1943-6092},
  month = {July},
  review = {usa o software para implementar a semantica de uma linguagem},
  really_refers_to_software = {yes},
  contribution_weight = {0.25},
}

@inproceedings{Oqvist:2013:EJE:2500828.2500843,
  author = {\"{O}qvist, Jesper and Hedin, G\"{o}rel},
  title = {Extending the JastAdd Extensible Java Compiler to Java 7},
  booktitle = {Proceedings of the 2013 International Conference on Principles and Practices of Programming on the Java Platform: Virtual Machines, Languages, and Tools},
  series = {PPPJ '13},
  year = {2013},
  isbn = {978-1-4503-2111-2},
  location = {Stuttgart, Germany},
  pages = {147--152},
  numpages = {6},
  url = {http://doi.acm.org/10.1145/2500828.2500843},
  doi = {10.1145/2500828.2500843},
  acmid = {2500843},
  publisher = {ACM},
  address = {New York, NY, USA},
  keywords = {Java, attribute grammars, compiler design},
  review = {usa o software como base para implementar parte da nova ferramenta JastAddJ, grammar, frontend, backend},
  really_refers_to_software = {yes},
  contribution_weight = {0.5},
}

@article{Markstrum:2010:JDP:1667048.1667049,
  author = {Markstrum, Shane and Marino, Daniel and Esquivel, Matthew and Millstein, Todd and Andreae, Chris and Noble, James},
  title = {JavaCOP: Declarative Pluggable Types for Java},
  journal = {ACM Trans. Program. Lang. Syst.},
  issue_date = {January 2010},
  volume = {32},
  number = {2},
  month = {February},
  year = {2010},
  issn = {0164-0925},
  pages = {4:1--4:37},
  articleno = {4},
  numpages = {37},
  url = {http://doi.acm.org/10.1145/1667048.1667049},
  doi = {10.1145/1667048.1667049},
  acmid = {1667049},
  publisher = {ACM},
  address = {New York, NY, USA},
  keywords = {JavaCOP, pluggable type systems},
  review = {cita o software como trabalho relacionado},
  really_refers_to_software = {yes},
  contribution_weight = {0.1},
}

@article{5440161,
  author = {G. Hedin and J. Akesson and T. Ekman},
  journal = {IEEE Software},
  title = {Extending Languages by Leveraging Compilers: From Modelica to Optimica},
  year = {2011},
  volume = {28},
  number = {3},
  pages = {68-74},
  keywords = {abstract data types;compiler generators;computational linguistics;grammars;object-oriented programming;software reusability;abstract syntax trees;attribute grammars;code generation;compilers;modelica;object-oriented programming;optimica;parser generators;software reuse;Automatic control;Computer languages;Computer science;Costs;Java;Object oriented modeling;Object oriented programming;Program processors;Synthesizers;design techniques;design tools;formal definitions;formal theory;processors;reusable software},
  doi = {10.1109/MS.2010.62},
  issn = {0740-7459},
  month = {May},
  review = {usa o software num estudo de caso, cita http://jastadd.org},
  really_refers_to_software = {yes},
  contribution_weight = {0.25},
}

@inproceedings{5076648,
  author = {P. Fritzson and A. Pop and D. Broman and P. Aronsson},
  booktitle = {2009 Australian Software Engineering Conference},
  title = {Formal Semantics Based Translator Generation and Tool Development in Practice},
  year = {2009},
  pages = {256-266},
  keywords = {Java;formal specification;program compilers;program interpreters;specification languages;Eclipse plug-in;Java;formal specification;generator tool;high level descriptions;natural semantics;object-oriented programming;operational semantics;program compiler;relational meta language;translator generation;Computer languages;Equations;Formal specifications;Industrial relations;Information science;Java;Object oriented modeling;Production;Program processors;Software engineering;Compiler;Generation;Semantics;Specification;Translator},
  doi = {10.1109/ASWEC.2009.46},
  issn = {1530-0803},
  month = {April},
  review = {cita o software como trabalho relacionado},
  really_refers_to_software = {yes},
  contribution_weight = {0.1},
}

@article{Schafer:2008:SER:1449955.1449787,
  author = {Sch\"{a}fer, Max and Ekman, Torbj\"{o}rn and de Moor, Oege},
  title = {Sound and Extensible Renaming for Java},
  journal = {SIGPLAN Not.},
  issue_date = {September 2008},
  volume = {43},
  number = {10},
  month = {October},
  year = {2008},
  issn = {0362-1340},
  pages = {277--294},
  numpages = {18},
  url = {http://doi.acm.org/10.1145/1449955.1449787},
  doi = {10.1145/1449955.1449787},
  acmid = {1449787},
  publisher = {ACM},
  address = {New York, NY, USA},
  keywords = {extensible compilers, name analysis, refactoring, renaming},
  review = {implementa uma extensão para o JastAdd Extensible Java Compiler (JastAddJ) e integra ao Eclipse},
  really_refers_to_software = {yes},
  contribution_weight = {0.5},
}

@inproceedings{Broman:2012:CTM:2245276.2232092,
  author = {Broman, David and Fritzson, Peter and Hedin, G\"{o}rel and Åkesson, Johan},
  title = {A Comparison of Two Metacompilation Approaches to Implementing a Complex Domain-specific Language},
  booktitle = {Proceedings of the 27th Annual ACM Symposium on Applied Computing},
  series = {SAC '12},
  year = {2012},
  isbn = {978-1-4503-0857-1},
  location = {Trento, Italy},
  pages = {1919--1921},
  numpages = {3},
  url = {http://doi.acm.org/10.1145/2245276.2232092},
  doi = {10.1145/2245276.2232092},
  acmid = {2232092},
  publisher = {ACM},
  address = {New York, NY, USA},
  keywords = {attribute grammars, metacompilation, operational semantics},
  review = {usa o software para implementar o compilador do JModelica.org (JMC)},
  really_refers_to_software = {yes},
  contribution_weight = {0.25},
}

@inproceedings{vandenBrand:2010:FST:1868281.1868293,
  author = {van den Brand, M. G. J. and van der Meer, A. P. and Serebrenik, A. and Hofkamp, A. T.},
  title = {Formally Specified Type Checkers for Domain Specific Languages: Experience Report},
  booktitle = {Proceedings of the Tenth Workshop on Language Descriptions, Tools and Applications},
  series = {LDTA '10},
  year = {2010},
  isbn = {978-1-4503-0063-6},
  location = {Paphos, Cyprus},
  pages = {12:1--12:7},
  articleno = {12},
  numpages = {7},
  url = {http://doi.acm.org/10.1145/1868281.1868293},
  doi = {10.1145/1868281.1868293},
  acmid = {1868293},
  publisher = {ACM},
  address = {New York, NY, USA},
  keywords = {DSL, MSOS, code generation, type systems},
  review = {cita um artigo com o nome do software no título},
  really_refers_to_software = {no},
}

@inproceedings{7872758,
  author = {R. Muhammad and M. R. A. Setyautami},
  booktitle = {2016 International Conference on Advanced Computer Science and Information Systems (ICACSIS)},
  title = {Automatic model translation to UML from software product lines model using UML profile},
  year = {2016},
  pages = {605-610},
  keywords = {Unified Modeling Language;XML;formal specification;meta data;object-oriented languages;program interpreters;software product lines;ABS;DOP;SPL;UML;Unified Modeling language;XMI;XML metadata interchange;abstract behavioral specification;automatic model translation;automatic traslation program;delta oriented programming;executable modeling language;software product lines;Data mining;Feature extraction;Object oriented modeling;Software;Syntactics;Unified modeling language;XML},
  doi = {10.1109/ICACSIS.2016.7872758},
  month = {Oct},
  review = {usa o software},
  really_refers_to_software = {yes},
  contribution_weight = {0.25},
}

@inproceedings{6663487,
  author = {P. O. Larsson and F. Casella and F. Magnusson and J. Andersson and M. Diehl and J. Åkesson},
  booktitle = {2013 IEEE Conference on Computer Aided Control System Design (CACSD)},
  title = {A framework for nonlinear model-predictive control using object-oriented modeling with a case study in power plant start-up},
  year = {2013},
  pages = {346-351},
  keywords = {closed loop systems;combined cycle power stations;control engineering computing;nonlinear control systems;object-oriented programming;optimisation;predictive control;public domain software;specification languages;JModelica.org;NMPC model;NMPC optimization problems;case study;closed-loop control;combined-cycle power plant;high-level description;high-level language;high-level notation;intuitive physical modeling format;nonlinear model-predictive control;numerical optimization algorithms;object-oriented first-principle model library;object-oriented modeling;open-source framework;optimization model;parametric errors;power plant start-up;simulation model;Load modeling;Mathematical model;Numerical models;Object oriented modeling;Optimization;Stress;Turbines},
  doi = {10.1109/CACSD.2013.6663487},
  issn = {2165-3011},
  month = {Aug},
  review = {usa o software},
  really_refers_to_software = {yes},
  contribution_weight = {0.25},
}

@inproceedings{6644219,
  author = {D. Lakatoš and J. Porubän and M. Bačíková},
  booktitle = {2013 Federated Conference on Computer Science and Information Systems},
  title = {Declarative specification of references in DSLs},
  year = {2013},
  pages = {1527-1534},
  keywords = {specification languages;DSL;computer languages;declarative references specification;domain specific languages;language designer;language patterns;reference resolving;Abstracts;DSL;Generators;Grammar;Object oriented modeling;Syntactics;Unified modeling language},
  month = {Sept},
  review = {cita o software como exemplo, usa o tutorial do JastAdd como referência},
  really_refers_to_software = {yes},
  contribution_weight = {0.1},
}

@article{Steimann:2016:CRA:3022671.2984007,
  author = {Steimann, Friedrich and Hagemann, J\"{o}rg and Ulke, Bastian},
  title = {Computing Repair Alternatives for Malformed Programs Using Constraint Attribute Grammars},
  journal = {SIGPLAN Not.},
  issue_date = {October 2016},
  volume = {51},
  number = {10},
  month = {October},
  year = {2016},
  issn = {0362-1340},
  pages = {711--730},
  numpages = {20},
  url = {http://doi.acm.org/10.1145/3022671.2984007},
  doi = {10.1145/3022671.2984007},
  acmid = {2984007},
  publisher = {ACM},
  address = {New York, NY, USA},
  keywords = {attribute grammars, constraints, repair},
  review = {artigo não encontrado para download},
  really_refers_to_software = {no},
}

@inproceedings{Visser:2014:LDW:2661136.2661149,
  author = {Visser, Eelco and Wachsmuth, Guido and Tolmach, Andrew and Neron, Pierre and Vergu, Vlad and Passalaqua, Augusto and Konat, Gabrie\"{e}l},
  title = {A Language Designer's Workbench: A One-Stop-Shop for Implementation and Verification of Language Designs},
  booktitle = {Proceedings of the 2014 ACM International Symposium on New Ideas, New Paradigms, and Reflections on Programming \& Software},
  series = {Onward! 2014},
  year = {2014},
  isbn = {978-1-4503-3210-1},
  location = {Portland, Oregon, USA},
  pages = {95--111},
  numpages = {17},
  url = {http://doi.acm.org/10.1145/2661136.2661149},
  doi = {10.1145/2661136.2661149},
  acmid = {2661149},
  publisher = {ACM},
  address = {New York, NY, USA},
  keywords = {domain specific languages, language designer workbench, language specification, meta-theory, name binding, semantics, syntax, types},
  review = {cita um artigo com o nome do software no título},
  really_refers_to_software = {no},
}

@article{5035596,
  author = {D. Rebernak and M. Mernik and H. Wu and J. Gray},
  journal = {IET Software},
  title = {Domain-specific aspect languages for modularising crosscutting concerns in grammars},
  year = {2009},
  volume = {3},
  number = {3},
  pages = {184-200},
  keywords = {grammars;object-oriented languages;object-oriented programming;specification languages;aspect-oriented programming;domain-specific aspect languages;general-purpose programming languages;grammars;language specification;software artefacts;software representations;source code},
  doi = {10.1049/iet-sen.2007.0114},
  issn = {1751-8806},
  month = {June},
  review = {cita o software, entre outros, num estudo sobre design e implementação de 'domain-specific aspect languages'},
  really_refers_to_software = {yes},
  contribution_weight = {0.1},
}

@inproceedings{4124048,
  author = {F. Gortazar and M. Gallego and A. Duarte},
  booktitle = {2006 International Multi-Conference on Computing in the Global Information Technology - (ICCGI'06)},
  title = {MetaCET: An Object Oriented Tool for Language Design},
  year = {2006},
  pages = {29-29},
  keywords = {Java;diagrams;meta data;object-oriented programming;software tools;Java classes;MetaCET;diagram;high level language design;metadata;object oriented tool;programming language design;software design;standard Java annotations;target language textual representation;Computer languages;Computer science;High level languages;ISO standards;Java;Object oriented modeling;Software design;Target recognition;Unified modeling language;Variable speed drives},
  doi = {10.1109/ICCGI.2006.49},
  month = {Aug},
  review = {cita o software como trabalho relacionado},
  really_refers_to_software = {yes},
  contribution_weight = {0.1},
}

@inproceedings{4291096,
  author = {D. Rebernak and M. Mernik},
  booktitle = {31st Annual International Computer Software and Applications Conference (COMPSAC 2007)},
  title = {A tool for compiler construction based on aspect-oriented specifications},
  year = {2007},
  volume = {2},
  pages = {11-16},
  keywords = {object-oriented programming;program compilers;specification languages;AspectLISA tool;aspect-oriented programming;aspect-oriented specification language;compiler construction;crosscutting concern;domain-specific aspect language;programming language definition;software artifact;software life cycle;Application software;Computer languages;Computer science;Encapsulation;Functional programming;Modular construction;Production;Program processors;Programming profession;Specification languages},
  doi = {10.1109/COMPSAC.2007.46},
  issn = {0730-3157},
  month = {July},
  review = {cita o software como trabalho relacionado},
  really_refers_to_software = {yes},
  contribution_weight = {0.1},
}

@inproceedings{4362899,
  author = {E. Magnusson and T. Ekman and G. Hedin},
  booktitle = {Seventh IEEE International Working Conference on Source Code Analysis and Manipulation (SCAM 2007)},
  title = {Extending Attribute Grammars with Collection Attributes--Evaluation and Applications},
  year = {2007},
  pages = {69-80},
  keywords = {attribute grammars;systems analysis;JastAdd;attribute grammars;collection attributes;declarative meta programming system;devitalization analysis;flow analysis;metrics;Algorithm design and analysis;Application software;Computer languages;Computer science;Java;Laboratories;Mechanical factors;Program processors;Silver},
  doi = {10.1109/SCAM.2007.13},
  month = {Sept},
  review = {é o mesmo artigo que publicou o software},
  really_refers_to_software = {yes},
  contribution_weight = {1},
}

@article{4543988,
  author = {W. Lohmann and G. Riedewald and G. Wachsmuth},
  journal = {IET Software},
  title = {Aspect-oriented prolog in a language processing context},
  year = {2008},
  volume = {2},
  number = {3},
  pages = {241-259},
  keywords = {PROLOG;grammars;object-oriented programming;program compilers;PROLOG programming techniques;aspect-oriented PROLOG;domain-specific language;language processing context;logic grammar;program compiler},
  doi = {10.1049/iet-sen:20070064},
  issn = {1751-8806},
  month = {June},
  review = {cita o software como trabalho relacionado},
  really_refers_to_software = {yes},
  contribution_weight = {0.1},
}

@article{Kats:2008:MSB:1449955.1449772,
  author = {Kats, Lennart C.L. and Bravenboer, Martin and Visser, Eelco},
  title = {Mixing Source and Bytecode: A Case for Compilation by Normalization},
  journal = {SIGPLAN Not.},
  issue_date = {September 2008},
  volume = {43},
  number = {10},
  month = {October},
  year = {2008},
  issn = {0362-1340},
  pages = {91--108},
  numpages = {18},
  url = {http://doi.acm.org/10.1145/1449955.1449772},
  doi = {10.1145/1449955.1449772},
  acmid = {1449772},
  publisher = {ACM},
  address = {New York, NY, USA},
  keywords = {SDF, bytecode, compilers, domain-specific languages, dryad compiler, embedded languages, iterators, java, language extensions, meta programming, source tracing, stratego, traits},
  review = {cita o software como trabalho relacionado},
  really_refers_to_software = {yes},
  contribution_weight = {0.1},
}

@article{vandenBrand:2003:TRT:941566.941568,
  author = {van den Brand, Mark G. J. and Klint, Paul and Vinju, Jurgen J.},
  title = {Term Rewriting with Traversal Functions},
  journal = {ACM Trans. Softw. Eng. Methodol.},
  issue_date = {April 2003},
  volume = {12},
  number = {2},
  month = {April},
  year = {2003},
  issn = {1049-331X},
  pages = {152--190},
  numpages = {39},
  url = {http://doi.acm.org/10.1145/941566.941568},
  doi = {10.1145/941566.941568},
  acmid = {941568},
  publisher = {ACM},
  address = {New York, NY, USA},
  keywords = {Automated tree traversal, term rewriting, types},
  review = {cita o software como trabalho relacionado},
  really_refers_to_software = {yes},
  contribution_weight = {0.1},
}

@inproceedings{Klint:2010:IDT:1868281.1868291,
  author = {Klint, Paul and van der Storm, Tijs and Vinju, Jurgen},
  title = {On the Impact of DSL Tools on the Maintainability of Language Implementations},
  booktitle = {Proceedings of the Tenth Workshop on Language Descriptions, Tools and Applications},
  series = {LDTA '10},
  year = {2010},
  isbn = {978-1-4503-0063-6},
  location = {Paphos, Cyprus},
  pages = {10:1--10:9},
  articleno = {10},
  numpages = {9},
  url = {http://doi.acm.org/10.1145/1868281.1868291},
  doi = {10.1145/1868281.1868291},
  acmid = {1868291},
  publisher = {ACM},
  address = {New York, NY, USA},
  keywords = {domain specific languages, language engineering, maintainability, tools},
  review = {cita o software na introdução como exemplo de sistema de gramática de atributo},
  really_refers_to_software = {yes},
  contribution_weight = {0.1},
}

@inproceedings{5440239,
  author = {S. Sateanpattanakul and A. Walairacht},
  booktitle = {2010 The 12th International Conference on Advanced Communication Technology (ICACT)},
  title = {JGroovy - an extensible Java Programming Language with Groovy},
  year = {2010},
  volume = {2},
  pages = {1139-1144},
  keywords = {Java;object-oriented programming;software engineering;Groovy programming;JGroovy;domain-specific languages;dynamic programming languages;extensible Java programming language;object-oriented programming languages;software development;static language;Computer languages;Java;Automata;Compiler;Domain-Specific Language;Language Oriented Programming;Object-Oriented Programming},
  issn = {1738-9445},
  month = {Feb},
  review = {cita o software com referencia de especificação de sintaxe, implementada na proposta de ferramenta JGroovy, avalia os resultados da implementação própria contra o software JastAdd},
  really_refers_to_software = {yes},
  contribution_weight = {0.25},
}

@inproceedings{vonHof:2017:DSC:3019612.3019735,
  author = {von Hof, Vincent and F\"{o}gen, Konrad and Kuchen, Herbert},
  title = {Detecting Spring Configurations Errors},
  booktitle = {Proceedings of the Symposium on Applied Computing},
  series = {SAC '17},
  year = {2017},
  isbn = {978-1-4503-4486-9},
  location = {Marrakech, Morocco},
  pages = {1505--1512},
  numpages = {8},
  url = {http://doi.acm.org/10.1145/3019612.3019735},
  doi = {10.1145/3019612.3019735},
  acmid = {3019735},
  publisher = {ACM},
  address = {New York, NY, USA},
  keywords = {Java, attribute grammars, dependency injection, pluggable annotation processing, spring, static code analysis},
  review = {cita o software mas o artigo está escrito em alemão},
  really_refers_to_software = {yes},
  contribution_weight = {0.1},
}

@inproceedings{6344538,
  author = {N. Fors and G. Hedin},
  booktitle = {2012 IEEE Symposium on Visual Languages and Human-Centric Computing (VL/HCC)},
  title = {Handling of layout-sensitive semantics in a visual control language},
  year = {2012},
  pages = {249-250},
  keywords = {grammars;interactive systems;program compilers;visual languages;JastAdd;batch compiler;core compiler model;high-level abstract syntax;interactive editor;layout-sensitive semantics handling;metacompilation tool;modular architecture;prototype editor;reference attribute grammars;visual control language;Abstracts;Computational modeling;Grammar;Regulators;Semantics;Syntactics;Visualization;Control block diagrams;IEC 61131-3;JastAdd;Layout-sensitive semantics;Reference attribute grammars},
  doi = {10.1109/VLHCC.2012.6344538},
  issn = {1943-6092},
  month = {Sept},
  review = {usa o software para implementar um protótipo},
  really_refers_to_software = {yes},
  contribution_weight = {0.25},
}

@inproceedings{1559822,
  author = {P. Andersson and K. Kuchcinski},
  booktitle = {8th Euromicro Conference on Digital System Design (DSD'05)},
  title = {Java to hardware compilation for non data flow applications},
  year = {2005},
  pages = {330-337},
  keywords = {Java;data flow graphs;embedded systems;hardware-software codesign;program compilers;Java language;code generators;embedded system development;graph traversal;hardware compilation;nondata flow application;optimisation;random memory access;recursive algorithm;reference intensive tasks;software development;Application software;Data structures;Embedded system;Field programmable gate arrays;Flow graphs;Hardware;Java;Productivity;Programming;Signal processing algorithms},
  doi = {10.1109/DSD.2005.53},
  month = {Aug},
  review = {usa o software},
  really_refers_to_software = {yes},
  contribution_weight = {0.25},
}

@inproceedings{Schaefer:2010:SIR:1869459.1869485,
  author = {Schaefer, Max and de Moor, Oege},
  title = {Specifying and Implementing Refactorings},
  booktitle = {Proceedings of the ACM International Conference on Object Oriented Programming Systems Languages and Applications},
  series = {OOPSLA '10},
  year = {2010},
  isbn = {978-1-4503-0203-6},
  location = {Reno/Tahoe, Nevada, USA},
  pages = {286--301},
  numpages = {16},
  url = {http://doi.acm.org/10.1145/1869459.1869485},
  doi = {10.1145/1869459.1869485},
  acmid = {1869485},
  publisher = {ACM},
  address = {New York, NY, USA},
  keywords = {language extensions, refactoring, specification},
  review = {implementa uma estensão no JastAddJ disponível em http://jastadd.org/web/jastaddj/refactoring.php (not found em Tue Aug 22 06:10:19 UTC 2017)},
  really_refers_to_software = {yes},
  contribution_weight = {0.5},
}

@inproceedings{Bransen:2015:IEH:2678015.2682541,
  author = {Bransen, Jeroen and Dijkstra, Atze and Swierstra, S. Doaitse},
  title = {Incremental Evaluation of Higher Order Attributes},
  booktitle = {Proceedings of the 2015 Workshop on Partial Evaluation and Program Manipulation},
  series = {PEPM '15},
  year = {2015},
  isbn = {978-1-4503-3297-2},
  location = {Mumbai, India},
  pages = {39--48},
  numpages = {10},
  url = {http://doi.acm.org/10.1145/2678015.2682541},
  doi = {10.1145/2678015.2682541},
  acmid = {2682541},
  publisher = {ACM},
  address = {New York, NY, USA},
  keywords = {attribute grammars, change propagation, incremental evaluation, program transformation, type inference},
  review = {cita o software como um exemplo de 'attribute grammar compiler'},
  really_refers_to_software = {yes},
  contribution_weight = {0.1},
}

@inproceedings{4341829,
  author = {J. Malec and A. Nilsson and K. Nilsson and S. Nowaczyk},
  booktitle = {2007 IEEE International Conference on Automation Science and Engineering},
  title = {Knowledge-Based Reconfiguration of Automation Systems},
  year = {2007},
  pages = {170-175},
  keywords = {Internet;automation;inference mechanisms;knowledge based systems;ontologies (artificial intelligence);rewriting systems;Web ontology language;automation system;configuration file;description logic;generic reasoning;knowledge-based reconfiguration;manufacturing;ontology-based rewriting;special-purpose reasoning module;Artificial intelligence;Assembly systems;Inspection;Knowledge engineering;Knowledge representation;Manufacturing automation;Ontologies;Service robots;USA Councils;Web sites},
  doi = {10.1109/COASE.2007.4341829},
  issn = {2161-8070},
  month = {Sept},
  review = {usa o software para implementar uma ferramenta},
  really_refers_to_software = {yes},
  contribution_weight = {0.25},
}

@inproceedings{Winther:2012:IPG:2427048.2427058,
  author = {Winther, Johnni},
  title = {Improving Precision of Generated ASTs},
  booktitle = {Proceedings of the Twelfth Workshop on Language Descriptions, Tools, and Applications},
  series = {LDTA '12},
  year = {2012},
  isbn = {978-1-4503-1536-4},
  location = {Tallinn, Estonia},
  pages = {10:1--10:8},
  articleno = {10},
  numpages = {8},
  url = {http://doi.acm.org/10.1145/2427048.2427058},
  doi = {10.1145/2427048.2427058},
  acmid = {2427058},
  publisher = {ACM},
  address = {New York, NY, USA},
  review = {cita o software como trabalho relacionado},
  really_refers_to_software = {yes},
  contribution_weight = {0.1},
}

@article{Erdweg:2011:SLS:2076021.2048099,
  author = {Erdweg, Sebastian and Rendel, Tillmann and K\"{a}stner, Christian and Ostermann, Klaus},
  title = {SugarJ: Library-based Syntactic Language Extensibility},
  journal = {SIGPLAN Not.},
  issue_date = {October 2011},
  volume = {46},
  number = {10},
  month = {October},
  year = {2011},
  issn = {0362-1340},
  pages = {391--406},
  numpages = {16},
  url = {http://doi.acm.org/10.1145/2076021.2048099},
  doi = {10.1145/2076021.2048099},
  acmid = {2048099},
  publisher = {ACM},
  address = {New York, NY, USA},
  keywords = {DSL embedding, SugarJ, language composition, language extensibility, libraries, syntactic sugar},
  review = {cita o software como trabalho relacionado},
  really_refers_to_software = {yes},
  contribution_weight = {0.1},
}

@inproceedings{Urban:2010:ADP:1739230.1739256,
  author = {Urban, Matthias and Lohmann, Daniel and Spinczyk, Olaf},
  title = {The Aspect-oriented Design of the PUMA C/C++ Parser Framework},
  booktitle = {Proceedings of the 9th International Conference on Aspect-Oriented Software Development},
  series = {AOSD '10},
  year = {2010},
  isbn = {978-1-60558-958-9},
  location = {Rennes and Saint-Malo, France},
  pages = {217--221},
  numpages = {5},
  url = {http://doi.acm.org/10.1145/1739230.1739256},
  doi = {10.1145/1739230.1739256},
  acmid = {1739256},
  publisher = {ACM},
  address = {New York, NY, USA},
  keywords = {AspectC++, PUMA, aspect-oriented design, aspect-oriented programming (AOP)},
  review = {cita um artigo com o nome do software no título},
  really_refers_to_software = {no},
}

@inproceedings{Wu:2005:WDA:1066677.1066986,
  author = {Wu, Hui and Gray, Jeff and Roychoudhury, Suman and Mernik, Marjan},
  title = {Weaving a Debugging Aspect into Domain-specific Language Grammars},
  booktitle = {Proceedings of the 2005 ACM Symposium on Applied Computing},
  series = {SAC '05},
  year = {2005},
  isbn = {1-58113-964-0},
  location = {Santa Fe, New Mexico},
  pages = {1370--1374},
  numpages = {5},
  url = {http://doi.acm.org/10.1145/1066677.1066986},
  doi = {10.1145/1066677.1066986},
  acmid = {1066986},
  publisher = {ACM},
  address = {New York, NY, USA},
  keywords = {AOSD, DSLs, debugging, grammarware},
  review = {cita o software como trabalho relacionado},
  really_refers_to_software = {yes},
  contribution_weight = {0.1},
}

@article{6175911,
  author = {G. Soares and R. Gheyi and T. Massoni},
  journal = {IEEE Transactions on Software Engineering},
  title = {Automated Behavioral Testing of Refactoring Engines},
  year = {2013},
  volume = {39},
  number = {2},
  pages = {147-162},
  keywords = {Java;automatic programming;program testing;JastAdd refactoring tools;Java program generator;Java refactoring engines;SafeRefactor;automated behavioral testing;compilation errors;refactoring engine developers;refactoring transformation;Automatic programming;Computer bugs;Engines;Java;Metals;Testing;Unified modeling language;Refactoring;automated testing;program generation},
  doi = {10.1109/TSE.2012.19},
  issn = {0098-5589},
  month = {Feb},
  review = {usa o software para avaliar uma técnica proposta no estudo},
  really_refers_to_software = {yes},
  contribution_weight = {0.25},
}

@inproceedings{1695918,
  author = {F. Gruian and P. Roop and Z. Salcic and I. Radojevic},
  booktitle = {Fourth ACM and IEEE International Conference on Formal Methods and Models for Co-Design, 2006. MEMOCODE '06. Proceedings.},
  title = {The SystemJ approach to system-level design},
  year = {2006},
  pages = {149-158},
  keywords = {Java;hardware description languages;hardware-software codesign;Esterel;SystemJ approach;globally asynchronous locally synchronous systems;specialised reactive embedded processors;standard Java environment;system-level design language;Automatic control;Circuits;Computational modeling;Computer science;Design automation;Embedded computing;Embedded system;Formal verification;Java;System-level design},
  doi = {10.1109/MEMCOD.2006.1695918},
  month = {July},
  review = {usa o software para implementar parte do SystemJ},
  really_refers_to_software = {yes},
  contribution_weight = {0.25},
}

