@inproceedings{Sagonas:2008:GTE:1411273.1411284,
  author = {Sagonas, Konstantinos and Luna, Daniel},
  title = {Gradual Typing of Erlang Programs: A Wrangler Experience},
  booktitle = {Proceedings of the 7th ACM SIGPLAN Workshop on ERLANG},
  series = {ERLANG '08},
  year = {2008},
  isbn = {978-1-60558-065-4},
  location = {Victoria, BC, Canada},
  pages = {73--82},
  numpages = {10},
  url = {http://doi.acm.org/10.1145/1411273.1411284},
  doi = {10.1145/1411273.1411284},
  acmid = {1411284},
  publisher = {ACM},
  address = {New York, NY, USA},
  keywords = {contracts, dialyzer, erlang, software defect detection},
  review={?},
  really_refers_to_software={yes},
}

@inproceedings{Li:2008:RWU:1411273.1411283,
  author = {Li, Huiqing and Thompson, Simon and Orosz, Gy\"{o}rgy and T\'{o}th, Melinda},
  title = {Refactoring with Wrangler, Updated: Data and Process Refactorings, and Integration with Eclipse},
  booktitle = {Proceedings of the 7th ACM SIGPLAN Workshop on ERLANG},
  series = {ERLANG '08},
  year = {2008},
  isbn = {978-1-60558-065-4},
  location = {Victoria, BC, Canada},
  pages = {61--72},
  numpages = {12},
  url = {http://doi.acm.org/10.1145/1411273.1411283},
  doi = {10.1145/1411273.1411283},
  acmid = {1411283},
  publisher = {ACM},
  address = {New York, NY, USA},
  keywords = {eclipse, erlang, erlide, process, record, refactoring, slicing, tuple, wrangler},
  review={?},
  really_refers_to_software={yes},
}

@inproceedings{Li:2012:LMR:2328876.2328881,
  author = {Li, Huiqing and Thompson, Simon},
  title = {Let's Make Refactoring Tools User-extensible!},
  booktitle = {Proceedings of the Fifth Workshop on Refactoring Tools},
  series = {WRT '12},
  year = {2012},
  isbn = {978-1-4503-1500-5},
  location = {Rapperswil, Switzerland},
  pages = {32--39},
  numpages = {8},
  url = {http://doi.acm.org/10.1145/2328876.2328881},
  doi = {10.1145/2328876.2328881},
  acmid = {2328881},
  publisher = {ACM},
  address = {New York, NY, USA},
  keywords = {API, DSL, Erlang, Wrangler, analysis, concrete syntax, extensible, program transformation, refactoring},
  review={?},
  really_refers_to_software={yes},
}

@inproceedings{Li:2012:AAM:2351676.2351727,
  author = {Li, Huiqing and Thompson, Simon},
  title = {Automated API Migration in a User-extensible Refactoring Tool for Erlang Programs},
  booktitle = {Proceedings of the 27th IEEE/ACM International Conference on Automated Software Engineering},
  series = {ASE 2012},
  year = {2012},
  isbn = {978-1-4503-1204-2},
  location = {Essen, Germany},
  pages = {294--297},
  numpages = {4},
  url = {http://doi.acm.org/10.1145/2351676.2351727},
  doi = {10.1145/2351676.2351727},
  acmid = {2351727},
  publisher = {ACM},
  address = {New York, NY, USA},
  keywords = {API migration, Erlang, Wrangler, refactoring, rewrite rule, software engineering, template},
  review={?},
  really_refers_to_software={yes},
}

@inproceedings{Li:2009:CDR:1480945.1480971,
  author = {Li, Huiqing and Thompson, Simon},
  title = {Clone Detection and Removal for Erlang/OTP Within a Refactoring Environment},
  booktitle = {Proceedings of the 2009 ACM SIGPLAN Workshop on Partial Evaluation and Program Manipulation},
  series = {PEPM '09},
  year = {2009},
  isbn = {978-1-60558-327-3},
  location = {Savannah, GA, USA},
  pages = {169--178},
  numpages = {10},
  url = {http://doi.acm.org/10.1145/1480945.1480971},
  doi = {10.1145/1480945.1480971},
  acmid = {1480971},
  publisher = {ACM},
  address = {New York, NY, USA},
  keywords = {duplicated code, erlang, program analysis, program transformation, refactoring, wrangler},
  review={?},
  really_refers_to_software={yes},
}

@inproceedings{Nagy:2008:ETT:1411273.1411277,
  author = {Nagy, Tam\'{a}s and Nagyn{\'e} V\'{\i}g, Anik\'{o}},
  title = {Erlang Testing and Tools Survey},
  booktitle = {Proceedings of the 7th ACM SIGPLAN Workshop on ERLANG},
  series = {ERLANG '08},
  year = {2008},
  isbn = {978-1-60558-065-4},
  location = {Victoria, BC, Canada},
  pages = {21--28},
  numpages = {8},
  url = {http://doi.acm.org/10.1145/1411273.1411277},
  doi = {10.1145/1411273.1411277},
  acmid = {1411277},
  publisher = {ACM},
  address = {New York, NY, USA},
  keywords = {erlang, market analysis, test tools},
  review={?},
  really_refers_to_software={yes},
}

@inproceedings{Sagonas:2010:USA:2175429.2175432,
  author = {Sagonas, Konstantinos},
  title = {Using Static Analysis to Detect Type Errors and Concurrency Defects in Erlang Programs},
  booktitle = {Proceedings of the 10th International Conference on Functional and Logic Programming},
  series = {FLOPS'10},
  year = {2010},
  isbn = {3-642-12250-7, 978-3-642-12250-7},
  location = {Sendai, Japan},
  pages = {13--18},
  numpages = {6},
  url = {http://dx.doi.org/10.1007/978-3-642-12251-4_2},
  doi = {10.1007/978-3-642-12251-4_2},
  acmid = {2175432},
  publisher = {Springer-Verlag},
  address = {Berlin, Heidelberg},
  review={cita um artigo com o nome do software no título, tem relação com o software},
  really_refers_to_software={no},
}

@article{Armstrong:2010:ERL:1810891.1810910,
  author = {Armstrong, Joe},
  title = {Erlang},
  journal = {Commun. ACM},
  issue_date = {September 2010},
  volume = {53},
  number = {9},
  month = sep,
  year = {2010},
  issn = {0001-0782},
  pages = {68--75},
  numpages = {8},
  url = {http://doi.acm.org/10.1145/1810891.1810910},
  doi = {10.1145/1810891.1810910},
  acmid = {1810910},
  publisher = {ACM},
  address = {New York, NY, USA},
  review={?},
  really_refers_to_software={yes},
}

@inproceedings{Barwell:2016:TSD:2975969.2975978,
  author = {Barwell, Adam D. and Brown, Christopher and Castro, David and Hammond, Kevin},
  title = {Towards Semi-automatic Data-type Translation for Parallelism in Erlang},
  booktitle = {Proceedings of the 15th International Workshop on Erlang},
  series = {Erlang 2016},
  year = {2016},
  isbn = {978-1-4503-4431-9},
  location = {Nara, Japan},
  pages = {60--61},
  numpages = {2},
  url = {http://doi.acm.org/10.1145/2975969.2975978},
  doi = {10.1145/2975969.2975978},
  acmid = {2975978},
  publisher = {ACM},
  address = {New York, NY, USA},
  keywords = {Erlang, Program Transformation, Refactoring},
  review={?},
  really_refers_to_software={yes},
}

@inproceedings{Sagonas:2009:ARE:1599410.1599414,
  author = {Sagonas, Konstantinos and Avgerinos, Thanassis},
  title = {Automatic Refactoring of Erlang Programs},
  booktitle = {Proceedings of the 11th ACM SIGPLAN Conference on Principles and Practice of Declarative Programming},
  series = {PPDP '09},
  year = {2009},
  isbn = {978-1-60558-568-0},
  location = {Coimbra, Portugal},
  pages = {13--24},
  numpages = {12},
  url = {http://doi.acm.org/10.1145/1599410.1599414},
  doi = {10.1145/1599410.1599414},
  acmid = {1599414},
  publisher = {ACM},
  address = {New York, NY, USA},
  keywords = {code cleanup, code simplification, erlang, program transformation, refactoring},
  review={?},
  really_refers_to_software={yes},
}

@inproceedings{Drienyovszky:2010:QRT:1863509.1863521,
  author = {Drienyovszky, D\'{a}niel and Horp\'{a}csi, D\'{a}niel and Thompson, Simon},
  title = {Quickchecking Refactoring Tools},
  booktitle = {Proceedings of the 9th ACM SIGPLAN Workshop on Erlang},
  series = {Erlang '10},
  year = {2010},
  isbn = {978-1-4503-0253-1},
  location = {Baltimore, Maryland, USA},
  pages = {75--80},
  numpages = {6},
  url = {http://doi.acm.org/10.1145/1863509.1863521},
  doi = {10.1145/1863509.1863521},
  acmid = {1863521},
  publisher = {ACM},
  address = {New York, NY, USA},
  keywords = {attribute grammar, erlang, property, quickcheck, random program generation, refactorerl, refactoring, wrangler, yecc},
  review={?},
  really_refers_to_software={yes},
}

@inproceedings{Avgerinos:2009:CUE:1596600.1596602,
  author = {Avgerinos, Thanassis and Sagonas, Konstantinos},
  title = {Cleaning Up Erlang Code is a Dirty Job but Somebody's Gotta Do It},
  booktitle = {Proceedings of the 8th ACM SIGPLAN Workshop on ERLANG},
  series = {ERLANG '09},
  year = {2009},
  isbn = {978-1-60558-507-9},
  location = {Edinburgh, Scotland},
  pages = {1--10},
  numpages = {10},
  url = {http://doi.acm.org/10.1145/1596600.1596602},
  doi = {10.1145/1596600.1596602},
  acmid = {1596602},
  publisher = {ACM},
  address = {New York, NY, USA},
  keywords = {code cleanup, code simplification, erlang, program transformation, refactoring},
  review={?},
  really_refers_to_software={yes},
}

@inproceedings{Li:2014:APT:2543728.2543741,
  author = {Li, Huiqing and Thompson, Simon and Lamela Seijas, Pablo and Francisco, Miguel Angel},
  title = {Automating Property-based Testing of Evolving Web Services},
  booktitle = {Proceedings of the ACM SIGPLAN 2014 Workshop on Partial Evaluation and Program Manipulation},
  series = {PEPM '14},
  year = {2014},
  isbn = {978-1-4503-2619-3},
  location = {San Diego, California, USA},
  pages = {169--180},
  numpages = {12},
  url = {http://doi.acm.org/10.1145/2543728.2543741},
  doi = {10.1145/2543728.2543741},
  acmid = {2543741},
  publisher = {ACM},
  address = {New York, NY, USA},
  keywords = {api evolution, erlang, property-based testing, quickcheck, web service, wrangler, wsdl},
  review={?},
  really_refers_to_software={yes},
}

@inproceedings{Li:2013:MPE:2505305.2505311,
  author = {Li, Huiqing and Thompson, Simon},
  title = {Multicore Profiling for Erlang Programs Using Percept2},
  booktitle = {Proceedings of the Twelfth ACM SIGPLAN Workshop on Erlang},
  series = {Erlang '13},
  year = {2013},
  isbn = {978-1-4503-2385-7},
  location = {Boston, Massachusetts, USA},
  pages = {33--42},
  numpages = {10},
  url = {http://doi.acm.org/10.1145/2505305.2505311},
  doi = {10.1145/2505305.2505311},
  acmid = {2505311},
  publisher = {ACM},
  address = {New York, NY, USA},
  keywords = {erlang, multicore, parallelisation, profiling, tracing},
  review={?},
  really_refers_to_software={yes},
}

@inproceedings{Bozo:2014:DPP:2633448.2633453,
  author = {Boz\'{o}, Istv\'{a}n and Ford\'{o}s, Viktoria and Horvath, Zolt\'{a}n and T\'{o}th, Melinda and Horp\'{a}csi, D\'{a}niel and Kozsik, Tam\'{a}s and K\"{o}szegi, Judit and Barwell, Adam and Brown, Christopher and Hammond, Kevin},
  title = {Discovering Parallel Pattern Candidates in Erlang},
  booktitle = {Proceedings of the Thirteenth ACM SIGPLAN Workshop on Erlang},
  series = {Erlang '14},
  year = {2014},
  isbn = {978-1-4503-3038-1},
  location = {Gothenburg, Sweden},
  pages = {13--23},
  numpages = {11},
  url = {http://doi.acm.org/10.1145/2633448.2633453},
  doi = {10.1145/2633448.2633453},
  acmid = {2633453},
  publisher = {ACM},
  address = {New York, NY, USA},
  keywords = {concurrency, erlang, parallelism, paraphrase, patterns, refactoring, skeletons},
  review={?},
  really_refers_to_software={yes},
}

@inproceedings{Taylor:2015:SMA:2804295.2804297,
  author = {Taylor, Ramsay and Derrick, John},
  title = {Smother: An MC/DC Analysis Tool for Erlang},
  booktitle = {Proceedings of the 14th ACM SIGPLAN Workshop on Erlang},
  series = {Erlang 2015},
  year = {2015},
  isbn = {978-1-4503-3805-9},
  location = {Vancouver, BC, Canada},
  pages = {13--18},
  numpages = {6},
  url = {http://doi.acm.org/10.1145/2804295.2804297},
  doi = {10.1145/2804295.2804297},
  acmid = {2804297},
  publisher = {ACM},
  address = {New York, NY, USA},
  keywords = {Erlang, MC/DC analysis, Testing, Tool building},
  review={?},
  really_refers_to_software={yes},
}

@inproceedings{Oliveira:2016:VST:2993288.2993300,
  author = {Oliveira, Alexandre P. and Souza, Paulo S. L. and Souza, Simone R. S.},
  title = {ValiErlang: A Structural Testing Tool for Erlang Programs},
  booktitle = {Proceedings of the 1st Brazilian Symposium on Systematic and Automated Software Testing},
  series = {SAST},
  year = {2016},
  isbn = {978-1-4503-4766-2},
  location = {Maringa, Parana, Brazil},
  pages = {13:1--13:10},
  articleno = {13},
  numpages = {10},
  url = {http://doi.acm.org/10.1145/2993288.2993300},
  doi = {10.1145/2993288.2993300},
  acmid = {2993300},
  publisher = {ACM},
  address = {New York, NY, USA},
  keywords = {Erlang, coverage, testing tool},
  review={cita o software como trabalho relacionado - artigo em ptbr},
  really_refers_to_software={yes},
}

@inproceedings{Brown:2012:LPR:2328876.2328884,
  author = {Brown, Christopher and Hammond, Kevin and Danelutto, Marco and Kilpatrick, Peter},
  title = {A Language-independent Parallel Refactoring Framework},
  booktitle = {Proceedings of the Fifth Workshop on Refactoring Tools},
  series = {WRT '12},
  year = {2012},
  isbn = {978-1-4503-1500-5},
  location = {Rapperswil, Switzerland},
  pages = {54--58},
  numpages = {5},
  url = {http://doi.acm.org/10.1145/2328876.2328884},
  doi = {10.1145/2328876.2328884},
  acmid = {2328884},
  publisher = {ACM},
  address = {New York, NY, USA},
  keywords = {C/C++, Erlang, ParaPhrase, concurrency, parallelism, patterns, refactoring, skeletons},
  review={cita o software como trabalho relacionado},
  really_refers_to_software={yes},
}

@inproceedings{Nicolay:2012:TDM:2162110.2162124,
  author = {Nicolay, Jens},
  title = {Tearing Down the Multicore Barrier for Web Applications},
  booktitle = {Proceedings of the 11th Annual International Conference on Aspect-oriented Software Development Companion},
  series = {AOSD Companion '12},
  year = {2012},
  isbn = {978-1-4503-1222-6},
  location = {Potsdam, Germany},
  pages = {17--18},
  numpages = {2},
  url = {http://doi.acm.org/10.1145/2162110.2162124},
  doi = {10.1145/2162110.2162124},
  acmid = {2162124},
  publisher = {ACM},
  address = {New York, NY, USA},
  keywords = {concurrency, javascript, modularity, parallelism, refactoring, static analysis},
  review={cita o software como trabalho relacionado},
  really_refers_to_software={yes},
}

@inproceedings{Kitlei:2010:APC:1863509.1863517,
  author = {Kitlei, R\'{o}bert and Boz\'{o}, Istv\'{a}n and Kozsik, Tam\'{a}s and Tejfel, M\'{a}t{\'e} and T\'{o}th, Melinda},
  title = {Analysis of Preprocessor Constructs in Erlang},
  booktitle = {Proceedings of the 9th ACM SIGPLAN Workshop on Erlang},
  series = {Erlang '10},
  year = {2010},
  isbn = {978-1-4503-0253-1},
  location = {Baltimore, Maryland, USA},
  pages = {45--56},
  numpages = {12},
  url = {http://doi.acm.org/10.1145/1863509.1863517},
  doi = {10.1145/1863509.1863517},
  acmid = {1863517},
  publisher = {ACM},
  address = {New York, NY, USA},
  keywords = {erlang, macro, preprocessor, refactoring},
  review={cita o software como trabalho relacionado},
  really_refers_to_software={yes},
}

@inproceedings{Arts:2010:TCF:1863509.1863511,
  author = {Arts, Thomas and Thompson, Simon},
  title = {From Test Cases to FSMs: Augmented Test-driven Development and Property Inference},
  booktitle = {Proceedings of the 9th ACM SIGPLAN Workshop on Erlang},
  series = {Erlang '10},
  year = {2010},
  isbn = {978-1-4503-0253-1},
  location = {Baltimore, Maryland, USA},
  pages = {1--12},
  numpages = {12},
  url = {http://doi.acm.org/10.1145/1863509.1863511},
  doi = {10.1145/1863509.1863511},
  acmid = {1863511},
  publisher = {ACM},
  address = {New York, NY, USA},
  keywords = {erlang, eunit, finite-state machine, inference, property, quickcheck, tdd, test-driven development, unit test},
  review={cita o software como trabalho relacionado},
  really_refers_to_software={yes},
}

@inproceedings{Lovei:2009:AMI:1596600.1596603,
  author = {L\"{o}vei, L\'{a}szl\'{o}},
  title = {Automated Module Interface Upgrade},
  booktitle = {Proceedings of the 8th ACM SIGPLAN Workshop on ERLANG},
  series = {ERLANG '09},
  year = {2009},
  isbn = {978-1-60558-507-9},
  location = {Edinburgh, Scotland},
  pages = {11--22},
  numpages = {12},
  url = {http://doi.acm.org/10.1145/1596600.1596603},
  doi = {10.1145/1596600.1596603},
  acmid = {1596603},
  publisher = {ACM},
  address = {New York, NY, USA},
  keywords = {erlang, interface transformation, module interface change, refactoring},
  review={?},
  really_refers_to_software={yes},
}

@inproceedings{Hills:2012:SRR:2328876.2328882,
  author = {Hills, Mark and Klint, Paul and Vinju, Jurgen J.},
  title = {Scripting a Refactoring with Rascal and Eclipse},
  booktitle = {Proceedings of the Fifth Workshop on Refactoring Tools},
  series = {WRT '12},
  year = {2012},
  isbn = {978-1-4503-1500-5},
  location = {Rapperswil, Switzerland},
  pages = {40--49},
  numpages = {10},
  url = {http://doi.acm.org/10.1145/2328876.2328882},
  doi = {10.1145/2328876.2328882},
  acmid = {2328882},
  publisher = {ACM},
  address = {New York, NY, USA},
  keywords = {design patterns, meta-programming, program transformation, refactoring scripts, refactoring tools},
  review={?},
  really_refers_to_software={yes},
}

@inproceedings{Sultana:2008:MVR:1328408.1328417,
  author = {Sultana, Nik and Thompson, Simon},
  title = {Mechanical Verification of Refactorings},
  booktitle = {Proceedings of the 2008 ACM SIGPLAN Symposium on Partial Evaluation and Semantics-based Program Manipulation},
  series = {PEPM '08},
  year = {2008},
  isbn = {978-1-59593-977-7},
  location = {San Francisco, California, USA},
  pages = {51--60},
  numpages = {10},
  url = {http://doi.acm.org/10.1145/1328408.1328417},
  doi = {10.1145/1328408.1328417},
  acmid = {1328417},
  publisher = {ACM},
  address = {New York, NY, USA},
  keywords = {Isabelle/HOL, refactoring},
  review={cita o software nas notas de agradecimentos finais},
  really_refers_to_software={yes},
}

@inproceedings{Fernandes:2016:RCS:2915970.2915984,
  author = {Fernandes, Eduardo and Oliveira, Johnatan and Vale, Gustavo and Paiva, Thanis and Figueiredo, Eduardo},
  title = {A Review-based Comparative Study of Bad Smell Detection Tools},
  booktitle = {Proceedings of the 20th International Conference on Evaluation and Assessment in Software Engineering},
  series = {EASE '16},
  year = {2016},
  isbn = {978-1-4503-3691-8},
  location = {Limerick, Ireland},
  pages = {18:1--18:12},
  articleno = {18},
  numpages = {12},
  url = {http://doi.acm.org/10.1145/2915970.2915984},
  doi = {10.1145/2915970.2915984},
  acmid = {2915984},
  publisher = {ACM},
  address = {New York, NY, USA},
  keywords = {bad smells, comparative study, detection tools, systematic literature review},
  review={?},
  really_refers_to_software={yes},
}
