@INPROCEEDINGS{7332467,
  author={J. Kim and D. Batory and D. Dig},
  booktitle={2015 IEEE International Conference on Software Maintenance and Evolution (ICSME)},
  title={Scripting parametric refactorings in Java to retrofit design patterns},
  year={2015},
  pages={211-220},
  keywords={Java;object-oriented methods;programming environments;software maintenance;Eclipse refactoring;IDE;Java;R2;abstract factory;design pattern retrofitting;integrated development environment;next-generation refactoring engine;parametric refactoring scripting;refactoring correctness;refactoring expressiveness;refactoring speed;reflective refactoring;time 10 min;visitor;DVD;Graphics;Manuals},
  doi={10.1109/ICSM.2015.7332467},
  month={Sept},
  review={cita o software como trabalho relacionado},
  really_refers_to_software={yes},
}

@INPROCEEDINGS{5601817,
  author={H. Li and S. Thompson},
  booktitle={2010 10th IEEE Working Conference on Source Code Analysis and Manipulation},
  title={Refactoring Support for Modularity Maintenance in Erlang},
  year={2010},
  pages={157-166},
  keywords={software architecture;software maintenance;Erlang;Wrangler;general purpose refactoring tool;modularity maintenance;software architecture;software modularity;support refactoring;Application programming interface;Computer languages;Maintenance engineering;Manganese;Programming;Software;Software architecture;Erlang;Modularity Maintenance;program analaysis;program transformation;refactoring},
  doi={10.1109/SCAM.2010.17},
  month={Sept},
  review={mesmo artigo selecionado na revisão estruturada},
  really_refers_to_software={no},
}

@INPROCEEDINGS{6976103,
  author={M. Mongiovi and G. Mendes and R. Gheyi and G. Soares and M. Ribeiro},
  booktitle={2014 IEEE International Conference on Software Maintenance and Evolution},
  title={Scaling Testing of Refactoring Engines},
  year={2014},
  pages={371-380},
  keywords={C language;Java;automatic programming;program compilers;program debugging;program testing;software maintenance;C language;Eclipse;JRRT;Java language;automated techniques;behavioral changes;bug categorization;compilation errors;complex inputs;consecutive test inputs;declarative language;extract function;formal semantics;input structure;oracle types;performance improvement;program automation;program exhaustiveness;program generator expressiveness improvement;program setup;refactoring engine testing;refactoring implementations;refactoring types;scaling testing;test suite;test time reduction;time consumption;Automatic programming;Automation;Computer bugs;Engines;Java;Metals;Testing;Refactoring;automated testing;program generation},
  doi={10.1109/ICSME.2014.59},
  ISSN={1063-6773},
  month={Sept},
  review={cita o software como trabalho relacionado},
  really_refers_to_software={yes},
}

@ARTICLE{6175911,
  author={G. Soares and R. Gheyi and T. Massoni},
  journal={IEEE Transactions on Software Engineering},
  title={Automated Behavioral Testing of Refactoring Engines},
  year={2013},
  volume={39},
  number={2},
  pages={147-162},
  keywords={Java;automatic programming;program testing;JastAdd refactoring tools;Java program generator;Java refactoring engines;SafeRefactor;automated behavioral testing;compilation errors;refactoring engine developers;refactoring transformation;Automatic programming;Computer bugs;Engines;Java;Metals;Testing;Unified modeling language;Refactoring;automated testing;program generation},
  doi={10.1109/TSE.2012.19},
  ISSN={0098-5589},
  month={Feb},
  review={cita o software como trabalho relacionado},
  really_refers_to_software={yes},
}

@INPROCEEDINGS{5954450,
  author={H. Li and S. Thompson and T. Arts},
  booktitle={2011 IEEE Fourth International Conference on Software Testing, Verification and Validation Workshops},
  title={Extracting Properties from Test Cases by Refactoring},
  year={2011},
  pages={472-473},
  keywords={formal specification;program testing;software maintenance;Erlang;Quick Check property;refactoring;test cases;Cloning;Codecs;Computer aided software engineering;Conferences;Detectors;Generators;Testing;property-based testing;refactoring;test cases},
  doi={10.1109/ICSTW.2011.65},
  month={March},
  review={mostrea como funcionalidades implementadas no software pode ser refatorada para integrar na ferramenta QuickCheck},
  really_refers_to_software={yes},
}

@INPROCEEDINGS{6494939,
  author={H. Li and S. Thompson},
  booktitle={2012 Proceedings of the 27th IEEE/ACM International Conference on Automated Software Engineering},
  title={Automated API migration in a user-extensible refactoring tool for Erlang programs},
  year={2012},
  pages={294-297},
  keywords={application program interfaces;knowledge based systems;program diagnostics;programming languages;software maintenance;Erlang programs;Wrangler;automated API migration refactoring;code inspection tool;general program transformations;template-and rule-based program analysis framework;template-and rule-based program transformation;user-defined adapter module;user-extensible refactoring tool;API migration;Erlang;Wrangler;refactoring;rewrite rule;software engineering;template},
  doi={10.1145/2351676.2351727},
  month={Sept},
  review={implementa uma extensão para o software},
  really_refers_to_software={yes},
}

@INPROCEEDINGS{4026869,
  author={H. Li and S. Thompson},
  booktitle={2006 Sixth IEEE International Workshop on Source Code Analysis and Manipulation},
  title={Comparative Study of Refactoring Haskell and Erlang Programs},
  year={2006},
  pages={197-206},
  keywords={Buildings;Computer bugs;Computer industry;Computer science;Concurrent computing;Fault tolerance;Functional programming;Laboratories;Programming profession;Standards development},
  doi={10.1109/SCAM.2006.8},
  month={Sept},
  review={compara o software com o HaRe (Haskell Refactorer), o HaRe é um projeto dos autores, o software Wrangler também tem contribuição dos autores},
  really_refers_to_software={yes},
}

@INPROCEEDINGS{5273977,
  author={E. Merah and A. Chaoui},
  booktitle={2009 Second International Conference on the Applications of Digital Information and Web Technologies},
  title={Design of A Concurrent Caml Light: ACCL},
  year={2009},
  pages={262-267},
  keywords={functional languages;functional programming;parallel languages;ERLANG functional programming language;a concurrent Caml light;concurrent programming paradigm;distributed programming;dynamic process creation;functional programming language;imperative programming;inter process asynchronous communication;mobile computation paradigms;Application software;Asynchronous communication;Chaotic communication;Computer languages;Computer science;Concurrent computing;Distributed computing;Functional programming;Mobile computing;Pattern matching},
  doi={10.1109/ICADIWT.2009.5273977},
  month={Aug},
  review={cita um outro artigo com o nome do software no título},
  really_refers_to_software={no},
}

@INPROCEEDINGS{7005164,
  author={M. Plasch and M. Hofmann and G. Ebenhofer and M. Rooker},
  booktitle={Proceedings of the 2014 IEEE Emerging Technology and Factory Automation (ETFA)},
  title={Reduction of development time by using scriptable IEC 61499 function blocks in a dynamically loadable type library},
  year={2014},
  pages={1-8},
  keywords={IEC standards;benchmark testing;open systems;software libraries;FB runtime environments;compilation cycles;component interoperability;development time reduction;distributed control systems;dynamic FB type library;dynamic loading;function block runtime environments;industrial standard IEC 61499;loadable type library;scriptable IEC 61499 function;IEC standards;Libraries;Loading;Runtime environment;Software},
  doi={10.1109/ETFA.2014.7005164},
  ISSN={1946-0740},
  month={Sept},
  review={faz uma revisão sobre linguagens de script, cita o software pois possui capacidade de refatoracao e inspecao baseada em script},
  really_refers_to_software={yes},
}

@ARTICLE{7898404,
  author={M. Mongiovi and R. Gheyi and G. Soares and M. Ribeiro and P. Borba and L. Teixeira},
  journal={IEEE Transactions on Software Engineering},
  title={Detecting overly strong preconditions in refactoring engines},
  year={2017},
  volume={PP},
  number={99},
  pages={1-1},
  keywords={Computer bugs;Databases;Electronic mail;Engines;Java;Testing;Usability;Refactoring;automated testing;overly strong preconditions;program generation},
  doi={10.1109/TSE.2017.2693982},
  ISSN={0098-5589},
  month={},
  review={cita o software como trabalho relacionado},
  really_refers_to_software={yes},
}

@INPROCEEDINGS{5272180,
  author={E. Merah and A. Chaoui},
  booktitle={2009 First International Conference on Networked Digital Technologies},
  title={Towards mobility for Caml Light},
  year={2009},
  pages={315-320},
  keywords={distributed memory systems;distributed programming;functional languages;functional programming;Caml light;ERLANG;asynchronous system;distributed memory systems;distributed programming;experimental language;functional programming language;mCamllight language;simple semantics;Application software;Chaotic communication;Communication networks;Computer languages;Computer networks;Concurrent computing;Distributed computing;Functional programming;Memory management;Pattern matching},
  doi={10.1109/NDT.2009.5272180},
  ISSN={2155-8728},
  month={July},
  review={cita um outro artigo com o nome do software no título},
  really_refers_to_software={no},
}

@INPROCEEDINGS{6671305,
  author={N. Walkinshaw and R. Taylor and J. Derrick},
  booktitle={2013 20th Working Conference on Reverse Engineering (WCRE)},
  title={Inferring Extended Finite State Machine models from software executions},
  year={2013},
  pages={301-310},
  keywords={finite state machines;learning (artificial intelligence);program verification;project management;public domain software;reverse engineering;software maintenance;EFSM inference technique;control-specific behaviour;data-specific behaviour;extended finite state machine models;machine learning;open-source software projects;reverse-engineering techniques;software behaviour;software executions;software maintenance;software validation;software verification tasks;Automata;Data models;Inference algorithms;Machine learning algorithms;Merging;Software;Software algorithms},
  doi={10.1109/WCRE.2013.6671305},
  ISSN={1095-1350},
  month={Oct},
  review={usa o software como parte de uma solução implementada},
  really_refers_to_software={yes},
}
