@inproceedings{Higo:2014:MTF:2642937.2648616,
  author = {Higo, Yoshiki and Kusumoto, Shinji},
  title = {MPAnalyzer: A Tool for Finding Unintended Inconsistencies in Program Source Code},
  booktitle = {Proceedings of the 29th ACM/IEEE International Conference on Automated Software Engineering},
  series = {ASE '14},
  year = {2014},
  isbn = {978-1-4503-3013-8},
  location = {Vasteras, Sweden},
  pages = {843--846},
  numpages = {4},
  url = {http://doi.acm.org/10.1145/2642937.2648616},
  doi = {10.1145/2642937.2648616},
  acmid = {2648616},
  publisher = {ACM},
  address = {New York, NY, USA},
  keywords = {inconsistency detection, modification patterns, static analysis},
}
