@inproceedings{Dajsuren:2012:AAS:2304696.2304710,
  author = {Dajsuren, Yanja and van den Brand, Mark and Serebrenik, Alexander and Huisman, Rudolf},
  title = {Automotive ADLS: A Study on Enforcing Consistency Through Multiple Architectural Levels},
  booktitle = {Proceedings of the 8th International ACM SIGSOFT Conference on Quality of Software Architectures},
  series = {QoSA '12},
  year = {2012},
  isbn = {978-1-4503-1346-9},
  location = {Bertinoro, Italy},
  pages = {71--80},
  numpages = {10},
  url = {http://doi.acm.org/10.1145/2304696.2304710},
  doi = {10.1145/2304696.2304710},
  acmid = {2304710},
  publisher = {ACM},
  address = {New York, NY, USA},
  keywords = {architectural consistency, architecture description language, automotive adl},
  review={apenas cita o artigo que publicou o software},
  really_refers_to_software={no},
}
