@INPROCEEDINGS{8090142, 
  author={G. Liva and M. T. Khan and M. Pinzger}, 
  booktitle={2017 IEEE 17th International Working Conference on Source Code Analysis and Manipulation (SCAM)}, 
  title={Extracting Timed Automata from Java Methods}, 
  year={2017}, 
  volume={}, 
  number={}, 
  pages={91-100}, 
  keywords={Java;automata theory;distributed programming;multi-threading;program debugging;program verification;programming language semantics;public domain software;source code (software);Apache systems;Java code;Java methods;Java programming language;Java statements;automatic timed automata extraction;distributed programs;formal model;multithreaded programs;open source Java projects;programming languages;source code;time behavior;time constraint extraction;time models;time properties;time semantics;Automata;Delays;Java;Reverse engineering;Semantics;Time factors;Program Verification;Time Constraints;Time Semantic;Timed Automata}, 
  doi={10.1109/SCAM.2017.9}, 
  ISSN={}, 
  month={Sept},
}
