@inproceedings{Sharp:2005:BWT:1117696.1117698,
  author = {Sharp, Mariana and Sawin, Jason and Rountev, Atanas},
  title = {Building a Whole-program Type Analysis in Eclipse},
  booktitle = {Proceedings of the 2005 OOPSLA Workshop on Eclipse Technology eXchange},
  series = {eclipse '05},
  year = {2005},
  isbn = {1-59593-342-5},
  location = {San Diego, California},
  pages = {6--10},
  numpages = {5},
  url = {http://doi.acm.org/10.1145/1117696.1117698},
  doi = {10.1145/1117696.1117698},
  acmid = {1117698},
  publisher = {ACM},
  address = {New York, NY, USA},
  review={usa o software para análise (presto.cse.ohio-state.edu/tacle) e coleta de dados, cita planos de implementar melhorias no software},
  really_refers_to_software={yes},
  mention_type={use},
}

@inproceedings{Sawin:2006:GRP:1188835.1188844,
  author = {Sawin, Jason and Sharp, Mariana and Rountev, Atanas},
  title = {Generating Run-time Progress Reports for a Points-to Analysis in Eclipse},
  booktitle = {Proceedings of the 2006 OOPSLA Workshop on Eclipse Technology eXchange},
  series = {eclipse '06},
  year = {2006},
  isbn = {1-59593-621-1},
  location = {Portland, Oregon, USA},
  pages = {40--44},
  numpages = {5},
  url = {http://doi.acm.org/10.1145/1188835.1188844},
  doi = {10.1145/1188835.1188844},
  acmid = {1188844},
  publisher = {ACM},
  address = {New York, NY, USA},
  review={cita o software como trabalho anterior sobre Rapid Type Analysis (RTA), construção de call graphs},
  really_refers_to_software={yes},
  mention_type={cite},
}
