@INPROCEEDINGS{4026855,
  author={J. Sawin and A. Rountev},
  booktitle={2006 Sixth IEEE International Workshop on Source Code Analysis and Manipulation},
  title={Estimating the Run-Time Progress of a Call Graph Construction Algorithm},
  year={2006},
  pages={53-62},
  keywords={Algorithm design and analysis;Bars;Conferences;Graphical user interfaces;Information analysis;Java;Performance analysis;Programming profession;Runtime;State estimation},
  doi={10.1109/SCAM.2006.12},
  month={Sept},
  review={mesmo artigo selecionado na revisão estruturada},
  really_refers_to_software={yes},
  contribution_weight={1},
  step={study1},
  conference={SCAM},
}

@ARTICLE{7436657,
  author={G. Hatzivasilis and I. Papaefstathiou and C. Manifavas},
  journal={IEEE Software},
  title={Software Security, Privacy, and Dependability: Metrics and Measurement},
  year={2016},
  volume={33},
  number={4},
  pages={46-54},
  keywords={data privacy;security of data;software metrics;software quality;SPD methodology;data protection;dependability;embedded software;isolation;measurement methodologies;metrics;nSHIELD project;personal information;privacy;protection level;protection mechanisms;social mobility scenario;social networking;software security;software system;ubiquitous computing;Computer security;Privacy;Process control;Software measurement;Software security;measurement;metrics;nSHIELD;privacy;risk management;security;software dependability;software development;software engineering;software quality assurance;software reliability;verification and validation},
  doi={10.1109/MS.2016.61},
  ISSN={0740-7459},
  month={July},
  review={não faz referência ao nome do software},
  really_refers_to_software={no},
}
