@INPROCEEDINGS{6472565,
  author={C. Zoller and A. Schmolitzky},
  booktitle={2012 Joint Conference of the 22nd International Workshop on Software Measurement and the 2012 Seventh International Conference on Software Process and Product Measurement},
  title={Measuring Inappropriate Generosity with Access Modifiers in Java Systems},
  year={2012},
  pages={43-52},
  keywords={Java;application program interfaces;data encapsulation;object-oriented programming;public domain software;software architecture;software metrics;software packages;software quality;software tools;AccessAnalysis tool;IGAM;IGAT;Java systems;access modifiers;inappropriate generosity with accessibility of methods;inappropriate generosity with accessibility of types;information encapsulation;information hiding;open source Java projects;package interfaces;software architecture;software metrics;software quality degradation;top-level types;Encapsulation;Java;Programming;Software;Software metrics},
  doi={10.1109/IWSM-MENSURA.2012.15},
  month={Oct},
}
