@inproceedings{Higo:2014:MTF:2642937.2648616,
  author = {Higo, Yoshiki and Kusumoto, Shinji},
  title = {MPAnalyzer: A Tool for Finding Unintended Inconsistencies in Program Source Code},
  booktitle = {Proceedings of the 29th ACM/IEEE International Conference on Automated Software Engineering},
  series = {ASE '14},
  year = {2014},
  isbn = {978-1-4503-3013-8},
  location = {Vasteras, Sweden},
  pages = {843--846},
  numpages = {4},
  url = {http://doi.acm.org/10.1145/2642937.2648616},
  doi = {10.1145/2642937.2648616},
  acmid = {2648616},
  publisher = {ACM},
  address = {New York, NY, USA},
  keywords = {inconsistency detection, modification patterns, static analysis},
  review={mesmo artigo selecionado na revisão estruturada},
  really_refers_to_software={no},
}

@inproceedings{Wu:2015:MDL:2820518.2820558,
  author = {Wu, Yuhao and Manabe, Yuki and Kanda, Tetsuya and German, Daniel M. and Inoue, Katsuro},
  title = {A Method to Detect License Inconsistencies in Large-scale Open Source Projects},
  booktitle = {Proceedings of the 12th Working Conference on Mining Software Repositories},
  series = {MSR '15},
  year = {2015},
  isbn = {978-0-7695-5594-2},
  location = {Florence, Italy},
  pages = {324--333},
  numpages = {10},
  url = {http://dl.acm.org/citation.cfm?id=2820518.2820558},
  acmid = {2820558},
  publisher = {IEEE Press},
  address = {Piscataway, NJ, USA},
  review={cita nos trabalhos relacionados o artigo selecionado na revisão estruturada},
  really_refers_to_software={no},
}
