@inproceedings{Lahoda:2012:CDR:2328876.2328886,
  author = {Lahoda, Jan and Be\v{c}i\v{c}ka, Jan and Ruijs, Ralph Benjamin},
  title = {Custom Declarative Refactoring in NetBeans: Tool Demonstration},
  booktitle = {Proceedings of the Fifth Workshop on Refactoring Tools},
  series = {WRT '12},
  year = {2012},
  isbn = {978-1-4503-1500-5},
  location = {Rapperswil, Switzerland},
  pages = {63--64},
  numpages = {2},
  url = {http://doi.acm.org/10.1145/2328876.2328886},
  doi = {10.1145/2328876.2328886},
  acmid = {2328886},
  publisher = {ACM},
  address = {New York, NY, USA},
  keywords = {Java, refactoring, transformation engine},
}

@inproceedings{Seymour:2001:ATF:376656.376833,
  author = {Seymour, Keith and Dongarra, Jack},
  title = {Automatic Translation of Fortran to JVM Bytecode},
  booktitle = {Proceedings of the 2001 Joint ACM-ISCOPE Conference on Java Grande},
  series = {JGI '01},
  year = {2001},
  isbn = {1-58113-359-6},
  location = {Palo Alto, California, USA},
  pages = {126--133},
  numpages = {8},
  url = {http://doi.acm.org/10.1145/376656.376833},
  doi = {10.1145/376656.376833},
  acmid = {376833},
  publisher = {ACM},
  address = {New York, NY, USA},
}

@inproceedings{Dufour:2003:DMJ:949305.949320,
  author = {Dufour, Bruno and Driesen, Karel and Hendren, Laurie and Verbrugge, Clark},
  title = {Dynamic Metrics for Java},
  booktitle = {Proceedings of the 18th Annual ACM SIGPLAN Conference on Object-oriented Programing, Systems, Languages, and Applications},
  series = {OOPSLA '03},
  year = {2003},
  isbn = {1-58113-712-5},
  location = {Anaheim, California, USA},
  pages = {149--168},
  numpages = {20},
  url = {http://doi.acm.org/10.1145/949305.949320},
  doi = {10.1145/949305.949320},
  acmid = {949320},
  publisher = {ACM},
  address = {New York, NY, USA},
  keywords = {Java, dynamic metrics, execution traces, optimization, profiling, program analysis, software metrics},
}

@article{Dufour:2003:DMJ:949343.949320,
  author = {Dufour, Bruno and Driesen, Karel and Hendren, Laurie and Verbrugge, Clark},
  title = {Dynamic Metrics for Java},
  journal = {SIGPLAN Not.},
  issue_date = {November 2003},
  volume = {38},
  number = {11},
  month = oct,
  year = {2003},
  issn = {0362-1340},
  pages = {149--168},
  numpages = {20},
  url = {http://doi.acm.org/10.1145/949343.949320},
  doi = {10.1145/949343.949320},
  acmid = {949320},
  publisher = {ACM},
  address = {New York, NY, USA},
  keywords = {Java, dynamic metrics, execution traces, optimization, profiling, program analysis, software metrics},
}

@article{Ruf:2000:ESR:358438.349327,
  author = {Ruf, Erik},
  title = {Effective Synchronization Removal for Java},
  journal = {SIGPLAN Not.},
  issue_date = {May 2000},
  volume = {35},
  number = {5},
  month = may,
  year = {2000},
  issn = {0362-1340},
  pages = {208--218},
  numpages = {11},
  url = {http://doi.acm.org/10.1145/358438.349327},
  doi = {10.1145/358438.349327},
  acmid = {349327},
  publisher = {ACM},
  address = {New York, NY, USA},
}

@inproceedings{Ruf:2000:ESR:349299.349327,
  author = {Ruf, Erik},
  title = {Effective Synchronization Removal for Java},
  booktitle = {Proceedings of the ACM SIGPLAN 2000 Conference on Programming Language Design and Implementation},
  series = {PLDI '00},
  year = {2000},
  isbn = {1-58113-199-2},
  location = {Vancouver, British Columbia, Canada},
  pages = {208--218},
  numpages = {11},
  url = {http://doi.acm.org/10.1145/349299.349327},
  doi = {10.1145/349299.349327},
  acmid = {349327},
  publisher = {ACM},
  address = {New York, NY, USA},
}

@article{Altidor:2014:RJG:2714064.2660203,
  author = {Altidor, John and Smaragdakis, Yannis},
  title = {Refactoring Java Generics by Inferring Wildcards, in Practice},
  journal = {SIGPLAN Not.},
  issue_date = {October 2014},
  volume = {49},
  number = {10},
  month = oct,
  year = {2014},
  issn = {0362-1340},
  pages = {271--290},
  numpages = {20},
  url = {http://doi.acm.org/10.1145/2714064.2660203},
  doi = {10.1145/2714064.2660203},
  acmid = {2660203},
  publisher = {ACM},
  address = {New York, NY, USA},
  keywords = {definition-site variance, generics, polymorphism, refactoring, use-site variance, variance, wildcards},
}

@inproceedings{Altidor:2014:RJG:2660193.2660203,
  author = {Altidor, John and Smaragdakis, Yannis},
  title = {Refactoring Java Generics by Inferring Wildcards, in Practice},
  booktitle = {Proceedings of the 2014 ACM International Conference on Object Oriented Programming Systems Languages \& Applications},
  series = {OOPSLA '14},
  year = {2014},
  isbn = {978-1-4503-2585-1},
  location = {Portland, Oregon, USA},
  pages = {271--290},
  numpages = {20},
  url = {http://doi.acm.org/10.1145/2660193.2660203},
  doi = {10.1145/2660193.2660203},
  acmid = {2660203},
  publisher = {ACM},
  address = {New York, NY, USA},
  keywords = {definition-site variance, generics, polymorphism, refactoring, use-site variance, variance, wildcards},
}

@inproceedings{Guo:2006:DIA:1146238.1146268,
  author = {Guo, Philip J. and Perkins, Jeff H. and McCamant, Stephen and Ernst, Michael D.},
  title = {Dynamic Inference of Abstract Types},
  booktitle = {Proceedings of the 2006 International Symposium on Software Testing and Analysis},
  series = {ISSTA '06},
  year = {2006},
  isbn = {1-59593-263-1},
  location = {Portland, Maine, USA},
  pages = {255--265},
  numpages = {11},
  url = {http://doi.acm.org/10.1145/1146238.1146268},
  doi = {10.1145/1146238.1146268},
  acmid = {1146268},
  publisher = {ACM},
  address = {New York, NY, USA},
  keywords = {C, C++, Java, abstract types, dynamic analysis, interaction, mixed-level analysis, type inference, units, values and variables},
}

@inproceedings{Cordoba:2015:MLE:2695664.2695717,
  author = {C\'{o}rdoba, Irene and de Lara, Juan},
  title = {A Modelling Language for the Effective Design of Java Annotations},
  booktitle = {Proceedings of the 30th Annual ACM Symposium on Applied Computing},
  series = {SAC '15},
  year = {2015},
  isbn = {978-1-4503-3196-8},
  location = {Salamanca, Spain},
  pages = {2087--2092},
  numpages = {6},
  url = {http://doi.acm.org/10.1145/2695664.2695717},
  doi = {10.1145/2695664.2695717},
  acmid = {2695717},
  publisher = {ACM},
  address = {New York, NY, USA},
  keywords = {Java, annotations, code generation, domain-specific languages, model driven engineering},
}

@inproceedings{Weitz:2014:TSF:2610384.2610417,
  author = {Weitz, Konstantin and Kim, Gene and Srisakaokul, Siwakorn and Ernst, Michael D.},
  title = {A Type System for Format Strings},
  booktitle = {Proceedings of the 2014 International Symposium on Software Testing and Analysis},
  series = {ISSTA 2014},
  year = {2014},
  isbn = {978-1-4503-2645-2},
  location = {San Jose, CA, USA},
  pages = {127--137},
  numpages = {11},
  url = {http://doi.acm.org/10.1145/2610384.2610417},
  doi = {10.1145/2610384.2610417},
  acmid = {2610417},
  publisher = {ACM},
  address = {New York, NY, USA},
  keywords = {Format string, printf, static analysis, type system},
}

@inproceedings{Budimlic:2002:AC:583810.583822,
  author = {Budimlic, Zoran and Kennedy, Ken},
  title = {Almost-whole-program Compilation},
  booktitle = {Proceedings of the 2002 Joint ACM-ISCOPE Conference on Java Grande},
  series = {JGI '02},
  year = {2002},
  isbn = {1-58113-599-8},
  location = {Seattle, Washington, USA},
  pages = {104--111},
  numpages = {8},
  url = {http://doi.acm.org/10.1145/583810.583822},
  doi = {10.1145/583810.583822},
  acmid = {583822},
  publisher = {ACM},
  address = {New York, NY, USA},
  keywords = {Java, almost-whole-program compilation, incremental compilation, object-oriented optimization, whole-program compilation},
}

@article{Bogda:1999:RUS:320385.320388,
  author = {Bogda, Jeff and H\"{o}lzle, Urs},
  title = {Removing Unnecessary Synchronization in Java},
  journal = {SIGPLAN Not.},
  issue_date = {Oct. 1999},
  volume = {34},
  number = {10},
  month = oct,
  year = {1999},
  issn = {0362-1340},
  pages = {35--46},
  numpages = {12},
  url = {http://doi.acm.org/10.1145/320385.320388},
  doi = {10.1145/320385.320388},
  acmid = {320388},
  publisher = {ACM},
  address = {New York, NY, USA},
}

@inproceedings{Bogda:1999:RUS:320384.320388,
  author = {Bogda, Jeff and H\"{o}lzle, Urs},
  title = {Removing Unnecessary Synchronization in Java},
  booktitle = {Proceedings of the 14th ACM SIGPLAN Conference on Object-oriented Programming, Systems, Languages, and Applications},
  series = {OOPSLA '99},
  year = {1999},
  isbn = {1-58113-238-7},
  location = {Denver, Colorado, USA},
  pages = {35--46},
  numpages = {12},
  url = {http://doi.acm.org/10.1145/320384.320388},
  doi = {10.1145/320384.320388},
  acmid = {320388},
  publisher = {ACM},
  address = {New York, NY, USA},
}

@article{Humer:2014:DLB:2775053.2658776,
  author = {Humer, Christian and Wimmer, Christian and Wirth, Christian and W\"{o}\ss, Andreas and W\"{u}rthinger, Thomas},
  title = {A Domain-specific Language for Building Self-optimizing AST Interpreters},
  journal = {SIGPLAN Not.},
  issue_date = {March 2015},
  volume = {50},
  number = {3},
  month = sep,
  year = {2014},
  issn = {0362-1340},
  pages = {123--132},
  numpages = {10},
  url = {http://doi.acm.org/10.1145/2775053.2658776},
  doi = {10.1145/2775053.2658776},
  acmid = {2658776},
  publisher = {ACM},
  address = {New York, NY, USA},
  keywords = {Java, domain-specific languages, dynamic languages, language implementation, self-optimizing programs},
}

@inproceedings{Humer:2014:DLB:2658761.2658776,
  author = {Humer, Christian and Wimmer, Christian and Wirth, Christian and W\"{o}\ss, Andreas and W\"{u}rthinger, Thomas},
  title = {A Domain-specific Language for Building Self-optimizing AST Interpreters},
  booktitle = {Proceedings of the 2014 International Conference on Generative Programming: Concepts and Experiences},
  series = {GPCE 2014},
  year = {2014},
  isbn = {978-1-4503-3161-6},
  location = {V\&\#228;ster\&\#229;s, Sweden},
  pages = {123--132},
  numpages = {10},
  url = {http://doi.acm.org/10.1145/2658761.2658776},
  doi = {10.1145/2658761.2658776},
  acmid = {2658776},
  publisher = {ACM},
  address = {New York, NY, USA},
  keywords = {Java, domain-specific languages, dynamic languages, language implementation, self-optimizing programs},
}

@article{Horie:2014:SDJ:2674025.2576210,
  author = {Horie, Michihiro and Ogata, Kazunori and Kawachiya, Kiyokuni and Onodera, Tamiya},
  title = {String Deduplication for Java-based Middleware in Virtualized Environments},
  journal = {SIGPLAN Not.},
  issue_date = {July 2014},
  volume = {49},
  number = {7},
  month = mar,
  year = {2014},
  issn = {0362-1340},
  pages = {177--188},
  numpages = {12},
  url = {http://doi.acm.org/10.1145/2674025.2576210},
  doi = {10.1145/2674025.2576210},
  acmid = {2576210},
  publisher = {ACM},
  address = {New York, NY, USA},
  keywords = {calling context, java, memory reduction, string allocation, string sharing},
}

@inproceedings{Horie:2014:SDJ:2576195.2576210,
  author = {Horie, Michihiro and Ogata, Kazunori and Kawachiya, Kiyokuni and Onodera, Tamiya},
  title = {String Deduplication for Java-based Middleware in Virtualized Environments},
  booktitle = {Proceedings of the 10th ACM SIGPLAN/SIGOPS International Conference on Virtual Execution Environments},
  series = {VEE '14},
  year = {2014},
  isbn = {978-1-4503-2764-0},
  location = {Salt Lake City, Utah, USA},
  pages = {177--188},
  numpages = {12},
  url = {http://doi.acm.org/10.1145/2576195.2576210},
  doi = {10.1145/2576195.2576210},
  acmid = {2576210},
  publisher = {ACM},
  address = {New York, NY, USA},
  keywords = {calling context, java, memory reduction, string allocation, string sharing},
}

@inproceedings{Nanz:2015:CSP:2818754.2818848,
  author = {Nanz, Sebastian and Furia, Carlo A.},
  title = {A Comparative Study of Programming Languages in Rosetta Code},
  booktitle = {Proceedings of the 37th International Conference on Software Engineering - Volume 1},
  series = {ICSE '15},
  year = {2015},
  isbn = {978-1-4799-1934-5},
  location = {Florence, Italy},
  pages = {778--788},
  numpages = {11},
  url = {http://dl.acm.org/citation.cfm?id=2818754.2818848},
  acmid = {2818848},
  publisher = {IEEE Press},
  address = {Piscataway, NJ, USA},
}

@inproceedings{Kaufmann:2011:JVM:2093157.2093161,
  author = {Kaufmann, Marco and H\"{a}sing, Matthias and Preu\sser, Thomas and Spallek, Rainer},
  title = {The Java Virtual Machine in Retargetable, High-performance Instruction Set Simulation},
  booktitle = {Proceedings of the 9th International Conference on Principles and Practice of Programming in Java},
  series = {PPPJ '11},
  year = {2011},
  isbn = {978-1-4503-0935-6},
  location = {Kongens Lyngby, Denmark},
  pages = {21--30},
  numpages = {10},
  url = {http://doi.acm.org/10.1145/2093157.2093161},
  doi = {10.1145/2093157.2093161},
  acmid = {2093161},
  publisher = {ACM},
  address = {New York, NY, USA},
  keywords = {Java, dynamic binary translation, instruction set simulation, retargetable, virtualization},
}

@article{Wimmer:2010:AFO:1839667.1839669,
  author = {Wimmer, Christian and M\"{o}ssenb\"{o}sck, Hanspeter},
  title = {Automatic Feedback-directed Object Fusing},
  journal = {ACM Trans. Archit. Code Optim.},
  issue_date = {September 2010},
  volume = {7},
  number = {2},
  month = oct,
  year = {2010},
  issn = {1544-3566},
  pages = {7:1--7:35},
  articleno = {7},
  numpages = {35},
  url = {http://doi.acm.org/10.1145/1839667.1839669},
  doi = {10.1145/1839667.1839669},
  acmid = {1839669},
  publisher = {ACM},
  address = {New York, NY, USA},
  keywords = {Java, cache performance, garbage collection, just-in-time compilation, object colocation, object fusing, object inlining, optimization},
}

@inproceedings{Lhotak:2004:JBR:996841.996861,
  author = {Lhot\'{a}k, Ond\v{r}ej and Hendren, Laurie},
  title = {Jedd: A BDD-based Relational Extension of Java},
  booktitle = {Proceedings of the ACM SIGPLAN 2004 Conference on Programming Language Design and Implementation},
  series = {PLDI '04},
  year = {2004},
  isbn = {1-58113-807-5},
  location = {Washington DC, USA},
  pages = {158--169},
  numpages = {12},
  url = {http://doi.acm.org/10.1145/996841.996861},
  doi = {10.1145/996841.996861},
  acmid = {996861},
  publisher = {ACM},
  address = {New York, NY, USA},
  keywords = {Java, binary decision diagrams, boolean formula satisfiability, language design, program analysis, relations},
}

@article{Lhotak:2004:JBR:996893.996861,
  author = {Lhot\'{a}k, Ond\v{r}ej and Hendren, Laurie},
  title = {Jedd: A BDD-based Relational Extension of Java},
  journal = {SIGPLAN Not.},
  issue_date = {May 2004},
  volume = {39},
  number = {6},
  month = jun,
  year = {2004},
  issn = {0362-1340},
  pages = {158--169},
  numpages = {12},
  url = {http://doi.acm.org/10.1145/996893.996861},
  doi = {10.1145/996893.996861},
  acmid = {996861},
  publisher = {ACM},
  address = {New York, NY, USA},
  keywords = {Java, binary decision diagrams, boolean formula satisfiability, language design, program analysis, relations},
}

@article{Porter:2014:PFI:2688877.2638548,
  author = {Porter, Donald E. and Bond, Michael D. and Roy, Indrajit and Mckinley, Kathryn S. and Witchel, Emmett},
  title = {Practical Fine-Grained Information Flow Control Using Laminar},
  journal = {ACM Trans. Program. Lang. Syst.},
  issue_date = {January 2015},
  volume = {37},
  number = {1},
  month = nov,
  year = {2014},
  issn = {0164-0925},
  pages = {4:1--4:51},
  articleno = {4},
  numpages = {51},
  url = {http://doi.acm.org/10.1145/2638548},
  doi = {10.1145/2638548},
  acmid = {2638548},
  publisher = {ACM},
  address = {New York, NY, USA},
  keywords = {Information flow control, Java virtual machine, operating systems, security method},
}

@inproceedings{Spring:2007:SHS:1297027.1297043,
  author = {Spring, Jesper H. and Privat, Jean and Guerraoui, Rachid and Vitek, Jan},
  title = {Streamflex: High-throughput Stream Programming in Java},
  booktitle = {Proceedings of the 22Nd Annual ACM SIGPLAN Conference on Object-oriented Programming Systems and Applications},
  series = {OOPSLA '07},
  year = {2007},
  isbn = {978-1-59593-786-5},
  location = {Montreal, Quebec, Canada},
  pages = {211--228},
  numpages = {18},
  url = {http://doi.acm.org/10.1145/1297027.1297043},
  doi = {10.1145/1297027.1297043},
  acmid = {1297043},
  publisher = {ACM},
  address = {New York, NY, USA},
  keywords = {java virtual machine, memory management, ownership types, real-time systems, stream processing},
}

@article{Spring:2007:SHS:1297105.1297043,
  author = {Spring, Jesper H. and Privat, Jean and Guerraoui, Rachid and Vitek, Jan},
  title = {Streamflex: High-throughput Stream Programming in Java},
  journal = {SIGPLAN Not.},
  issue_date = {October 2007},
  volume = {42},
  number = {10},
  month = oct,
  year = {2007},
  issn = {0362-1340},
  pages = {211--228},
  numpages = {18},
  url = {http://doi.acm.org/10.1145/1297105.1297043},
  doi = {10.1145/1297105.1297043},
  acmid = {1297043},
  publisher = {ACM},
  address = {New York, NY, USA},
  keywords = {java virtual machine, memory management, ownership types, real-time systems, stream processing},
}

@article{Back:2005:KJR:1075382.1075383,
  author = {Back, Godmar and Hsieh, Wilson C.},
  title = {The KaffeOS Java Runtime System},
  journal = {ACM Trans. Program. Lang. Syst.},
  issue_date = {July 2005},
  volume = {27},
  number = {4},
  month = jul,
  year = {2005},
  issn = {0164-0925},
  pages = {583--630},
  numpages = {48},
  url = {http://doi.acm.org/10.1145/1075382.1075383},
  doi = {10.1145/1075382.1075383},
  acmid = {1075383},
  publisher = {ACM},
  address = {New York, NY, USA},
  keywords = {Robustness, garbage collection, isolation, language runtimes, resource management, termination, virtual machines},
}

@article{Wimmer:2013:MAV:2400682.2400689,
  author = {Wimmer, Christian and Haupt, Michael and Van De Vanter, Michael L. and Jordan, Mick and Dayn\`{e}s, Laurent and Simon, Douglas},
  title = {Maxine: An Approachable Virtual Machine for, and in, Java},
  journal = {ACM Trans. Archit. Code Optim.},
  issue_date = {January 2013},
  volume = {9},
  number = {4},
  month = jan,
  year = {2013},
  issn = {1544-3566},
  pages = {30:1--30:24},
  articleno = {30},
  numpages = {24},
  url = {http://doi.acm.org/10.1145/2400682.2400689},
  doi = {10.1145/2400682.2400689},
  acmid = {2400689},
  publisher = {ACM},
  address = {New York, NY, USA},
  keywords = {Java, Maxine VM, VM design, VM interfaces, debugging, inspector, metacircular VM, tool support},
}

@article{Lhotak:2008:RAB:1377492.1377494,
  author = {Lhot\'{a}k, Ond\v{r}ej and Hendren, Laurie},
  title = {Relations As an Abstraction for BDD-based Program Analysis},
  journal = {ACM Trans. Program. Lang. Syst.},
  issue_date = {July 2008},
  volume = {30},
  number = {4},
  month = aug,
  year = {2008},
  issn = {0164-0925},
  pages = {19:1--19:63},
  articleno = {19},
  numpages = {63},
  url = {http://doi.acm.org/10.1145/1377492.1377494},
  doi = {10.1145/1377492.1377494},
  acmid = {1377494},
  publisher = {ACM},
  address = {New York, NY, USA},
  keywords = {Binary decision diagrams, Boolean formula satisfiability, Java, language design, physical domain assignment, points-to analysis, program analysis, relations},
}

@article{Weimer:2008:ESP:1330017.1330019,
  author = {Weimer, Westley and Necula, George C.},
  title = {Exceptional Situations and Program Reliability},
  journal = {ACM Trans. Program. Lang. Syst.},
  issue_date = {March 2008},
  volume = {30},
  number = {2},
  month = mar,
  year = {2008},
  issn = {0164-0925},
  pages = {8:1--8:51},
  articleno = {8},
  numpages = {51},
  url = {http://doi.acm.org/10.1145/1330017.1330019},
  doi = {10.1145/1330017.1330019},
  acmid = {1330019},
  publisher = {ACM},
  address = {New York, NY, USA},
  keywords = {Error handling, compensating transactions, linear sagas, linear types, resource management},
}

@article{VanNieuwpoort:2010:SHE:1709093.1709096,
  author = {Van Nieuwpoort, Rob V. and Wrzesi\'{n}ska, Gosia and Jacobs, Ceriel J. H. and Bal, Henri E.},
  title = {Satin: A High-level and Efficient Grid Programming Model},
  journal = {ACM Trans. Program. Lang. Syst.},
  issue_date = {March 2010},
  volume = {32},
  number = {3},
  month = mar,
  year = {2010},
  issn = {0164-0925},
  pages = {9:1--9:39},
  articleno = {9},
  numpages = {39},
  url = {http://doi.acm.org/10.1145/1709093.1709096},
  doi = {10.1145/1709093.1709096},
  acmid = {1709096},
  publisher = {ACM},
  address = {New York, NY, USA},
  keywords = {Grid computing, divide-and-conquer, programming model},
}
