@INPROCEEDINGS{4145117,
  author={M. Fulton and M. Stoodley},
  booktitle={International Symposium on Code Generation and Optimization (CGO'07)},
  title={Compilation Techniques for Real-Time Java Programs},
  year={2007},
  pages={221-231},
  keywords={Java;formal specification;program compilers;storage management;virtual machines;IBM WebSphere real time product;Java real-time specification;Java virtual machine;Metronome deterministic garbage collector;SPECjbb2000;SPECjbb2005;SPECjvm98 benchmark suite;Testarossa compiler;ahead-of-time compiler;just-in-time compiler;program compilation;real-time Java programs;Computer languages;Costs;Java;Optimizing compilers;Production;Programming profession;Real time systems;Safety;Testing;Yarn},
  doi={10.1109/CGO.2007.5},
  month={March},
}

@INPROCEEDINGS{1385954,
  author={C. S. Ananian and K. Asanovic and B. C. Kuszmaul and C. E. Leiserson and S. Lie},
  booktitle={11th International Symposium on High-Performance Computer Architecture},
  title={Unbounded transactional memory},
  year={2005},
  pages={316-327},
  keywords={digital simulation;storage management;transaction processing;Java programs;LTM;Linux 2.4.19 kernel;SPECjvm98 Java benchmarks;UTM;cycle-accurate simulation;hardware transactional memory;unbounded transactional memory;virtual memory;Artificial intelligence;Computer science;Hardware;Java;Kernel;Linux;Protocols;Transaction databases;Turing machines;Yarn},
  doi={10.1109/HPCA.2005.41},
  ISSN={1530-0897},
  month={Feb},
}

@INPROCEEDINGS{857515,
  author={J. L. Lawall and G. Muller},
  booktitle={Proceeding International Conference on Dependable Systems and Networks. DSN 2000},
  title={Efficient incremental checkpointing of Java programs},
  year={2000},
  pages={61-70},
  keywords={Java;data structures;object-oriented programming;software fault tolerance;software performance evaluation;system recovery;Java programs;automatic program specialization;benchmarks;data structures;execution overhead;incremental checkpointing;object oriented programming;optimization;performance evaluation;program analysis;software metric;Checkpointing;Data structures;Electrical capacitance tomography;Encapsulation;Engines;Java;Object oriented programming;Optimization methods;Programming profession;Velocity measurement},
  doi={10.1109/ICDSN.2000.857515},
  month={},
}

@INPROCEEDINGS{7194609,
  author={C. Sadowski and J. v. Gogh and C. Jaspan and E. Söderberg and C. Winter},
  booktitle={2015 IEEE/ACM 37th IEEE International Conference on Software Engineering},
  title={Tricorder: Building a Program Analysis Ecosystem},
  year={2015},
  volume={1},
  pages={598-608},
  keywords={ecology;program diagnostics;software architecture;Google;code readability;codebases;developer workflow;program analysis ecosystem;scalable architecture;static analysis tools;tricorder;Buildings;Computer bugs;Ecosystems;Google;Java;Libraries;Usability;program analysis;static analysis},
  doi={10.1109/ICSE.2015.76},
  ISSN={0270-5257},
  month={May},
}

@ARTICLE{587551,
  author={C. H. A. Hsieh and M. T. Conte and T. L. Johnson and J. C. Gyllenhaal and W. M. W. Hwu},
  journal={Computer},
  title={Compilers for improved Java performance},
  year={1997},
  volume={30},
  number={6},
  pages={67-75},
  keywords={object-oriented languages;object-oriented programming;optimising compilers;program interpreters;C programs;C++ programs;Java executables;Microsoft Java just-in-time compiler;NET-compiled code performance;Sun Java VM;byte-code execution methods;improved Java performance;large application programs;native executable translation compiler;native machine code;optimized Java byte-code translation;optimizing NET compiler;standard benchmarks;Computational modeling;Costs;Hardware;Java;Optimizing compilers;Program processors;Software performance;Software standards;Standards development;Virtual manufacturing},
  doi={10.1109/2.587551},
  ISSN={0018-9162},
  month={Jun},
}

@INPROCEEDINGS{5649169,
  author={N. Ioannou and J. Singer and S. Khan and P. Xekalakis and P. Yiapanis and A. Pocock and G. Brown and M. Luján and I. Watson and M. Cintra},
  booktitle={Workload Characterization (IISWC), 2010 IEEE International Symposium on},
  title={Toward a more accurate understanding of the limits of the TLS execution paradigm},
  year={2010},
  pages={1-12},
  keywords={checkpointing;data handling;parallel programming;program compilers;resource allocation;TLS execution paradigm;architectural constraint;compiler development;data dependence;load imbalance;parallel thread;programming style;thread-level speculation;Benchmark testing;Instruction sets;Java;Optimization;Programming;Synchronization},
  doi={10.1109/IISWC.2010.5649169},
  month={Dec},
}

@INPROCEEDINGS{5076648,
  author={P. Fritzson and A. Pop and D. Broman and P. Aronsson},
  booktitle={2009 Australian Software Engineering Conference},
  title={Formal Semantics Based Translator Generation and Tool Development in Practice},
  year={2009},
  pages={256-266},
  keywords={Java;formal specification;program compilers;program interpreters;specification languages;Eclipse plug-in;Java;formal specification;generator tool;high level descriptions;natural semantics;object-oriented programming;operational semantics;program compiler;relational meta language;translator generation;Computer languages;Equations;Formal specifications;Industrial relations;Information science;Java;Object oriented modeling;Production;Program processors;Software engineering;Compiler;Generation;Semantics;Specification;Translator},
  doi={10.1109/ASWEC.2009.46},
  ISSN={1530-0803},
  month={April},
}

@INPROCEEDINGS{5290852,
  author={M. Schoeberl and W. Binder and P. Moret and A. Villazon},
  booktitle={2009 Sixth International Conference on the Quantitative Evaluation of Systems},
  title={Design Space Exploration for Java Processors with Cross-Profiling},
  year={2009},
  pages={109-118},
  keywords={Java;computer architecture;embedded systems;optimising compilers;program diagnostics;virtual machines;Java processor architecture;chip size;cross profiling;design space exploration;embedded system;optimization;performance estimation;standard desktop Java virtual machine;Costs;Design optimization;Embedded system;Java;Phase estimation;Pipelines;Process design;Space exploration;Standards organizations;Virtual machining;Java virtual machine;cross-profiling;embedded systems;processor architecture evaluation},
  doi={10.1109/QEST.2009.15},
  month={Sept},
}

@INPROCEEDINGS{7503729,
  author={Bo Zhang and V. Tenev and M. Becker},
  booktitle={2016 IEEE 24th International Conference on Program Comprehension (ICPC)},
  title={Android build dependency analysis},
  year={2016},
  pages={1-4},
  keywords={Android (operating system);program diagnostics;software maintenance;Android build dependency structure analysis;build system maintenance;executable software artefacts;software projects;source code evolution;tool support;Androids;Buildings;Complexity theory;Humanoid robots;Instruments;Software;Visualization;Android Build System;Build Dependency;Visualization},
  doi={10.1109/ICPC.2016.7503729},
  month={May},
}

@INPROCEEDINGS{1016507,
  author={T. Smith and S. Srinivas and P. Tomsich and Jinpyo Park},
  booktitle={Proceedings 16th International Parallel and Distributed Processing Symposium},
  title={Experiences with retargeting the Java HotSpot virtual machine},
  year={2002},
  pages={9 pp-},
  keywords={Hardware;Java;Memory management;Operating systems;Production;Programming environments;Sun;Virtual machining;Virtual manufacturing;Yarn},
  doi={10.1109/IPDPS.2002.1016507},
  month={April},
}

@INPROCEEDINGS{4344121,
  author={S. A. Irvine and T. Pavlinic and L. Trigg and J. G. Cleary and S. Inglis and M. Utting},
  booktitle={Testing: Academic and Industrial Conference Practice and Research Techniques - MUTATION (TAICPART-MUTATION 2007)},
  title={Jumble Java Byte Code to Measure the Effectiveness of Unit Tests},
  year={2007},
  pages={169-175},
  keywords={Java;optimisation;program testing;public domain software;software tools;JUnit;Java;Jumble;agile programming environment;byte code level mutation testing tool;class path handling;heuristics;open source;subsequent mutation checking;Genetic mutations;Investments;Java;Programming environments;Programming profession;Reflection;Software testing;System testing;Tin;Writing},
  doi={10.1109/TAIC.PART.2007.38},
  month={Sept},
}

@INPROCEEDINGS{6405359,
  author={W. G. J. Halfond},
  booktitle={2012 IEEE 23rd International Symposium on Software Reliability Engineering},
  title={Automated Checking of Web Application Invocations},
  year={2012},
  pages={111-120},
  keywords={Internet;program verification;HTTP based invocations;Web application invocations;automated checking;dynamic customized Web pages;Approximation methods;HTML;Java;Runtime;Switches;Syntactics;Target tracking;invocations;program analysis;verification;web applications},
  doi={10.1109/ISSRE.2012.37},
  ISSN={1071-9458},
  month={Nov},
}

@BOOK{6813266,
  author={Samuel Midkiff},
  booktitle={Automatic Parallelization:An Overview of Fundamental Compiler Techniques},
  title={Automatic Parallelization:An Overview of Fundamental Compiler Techniques},
  year={2012},
  pages={169-},
  doi={10.2200/S00340ED1V01Y201201CAC019},
  publisher={Morgan \& Claypool},
  isbn={9781608458424},
  url={http://ieeexplore.ieee.org/xpl/articleDetails.jsp?arnumber=6813266},
}

@INPROCEEDINGS{4634983,
  author={W. Binder and M. Schoeberl and P. Moret and A. Villazòn},
  booktitle={2008 Fifth International Conference on Quantitative Evaluation of Systems},
  title={Cross-Profiling for Embedded Java Processors},
  year={2008},
  pages={287-296},
  keywords={Java;embedded systems;Java bytecode instrumentation;cross-profiling;embedded Java processors;embedded systems;execution time hot spots;execution time metrics;resource-constrained systems;Computational modeling;Embedded software;Embedded system;Hardware;Instruction sets;Instruments;Java;Real time systems;Virtual machining;Yield estimation;Cross-profiling;bytecode instrumentation;embedded Java processors;platform-independent dynamic metrics},
  doi={10.1109/QEST.2008.39},
  month={Sept},
}

@INPROCEEDINGS{1106025,
  author={K. Ishizaki and T. Inagaki and H. Komatsu and T. Nakatani},
  booktitle={Proceedings.International Conference on Parallel Architectures and Compilation Techniques},
  title={Eliminating exception constraints of Java programs for IA-64},
  year={2002},
  pages={259-268},
  keywords={Java;exception handling;instruction sets;program compilers;IA-64;IBM Java just-in-time compiler;Itanium processor;Java exception checks;Java programs;SPECjvm98;direct acyclic graph representation;exception constraints;execution order;hardware exception;instruction reordering optimization;Hardware;Java;Laboratories;Program processors;Registers;Runtime;Safety},
  doi={10.1109/PACT.2002.1106025},
  ISSN={1089-795X},
  month={},
}

@INPROCEEDINGS{7884617,
  author={C. V. Alexandru and S. Panichella and H. C. Gall},
  booktitle={2017 IEEE 24th International Conference on Software Analysis, Evolution and Reengineering (SANER)},
  title={Reducing redundancies in multi-revision code analysis},
  year={2017},
  pages={148-159},
  keywords={program diagnostics;software development management;software metrics;software tools;LISA;basic code metrics;code analysis tools;internal code representation;multilanguage code analysis;multirevision code analysis;programming ecosystem;programming languages;redundancy reduction;resources requirements;software engineering research;software projects;Computer languages;Ecosystems;Measurement;Metadata;Programming;Redundancy;Software},
  doi={10.1109/SANER.2017.7884617},
  month={Feb},
}

@INPROCEEDINGS{4362624,
  author={B. Adams and H. Tromp and K. de Schutter and W. de Meuter},
  booktitle={2007 IEEE International Conference on Software Maintenance},
  title={Design recovery and maintenance of build systems},
  year={2007},
  pages={114-123},
  keywords={C language;Linux;data flow graphs;program testing;program verification;reverse engineering;software architecture;software maintenance;system recovery;systems analysis;Linux 2.6.16.18 kernel;build system architecture;build system design recovery;build system maintenance;build system refactoring;build-related data querying;dependency graph;filtering technique;industrial C system;reverse-engineering framework;software installation;software testing;system failure;validation rule;Data visualization;Filtering;Heart;Kernel;Linux;Software maintenance;Software systems;Software testing;Software tools;Technological innovation},
  doi={10.1109/ICSM.2007.4362624},
  ISSN={1063-6773},
  month={Oct},
}

@INPROCEEDINGS{1560004,
  author={M. Siddiqui and A. Villazon and J. Hofer and T. Fahringer},
  booktitle={Supercomputing, 2005. Proceedings of the ACM/IEEE SC 2005 Conference},
  title={GLARE: A Grid Activity Registration, Deployment and Provisioning Framework},
  year={2005},
  pages={52-52},
  keywords={Application software;Computer network management;Computer networks;Computer science;Disaster management;Grid computing;Middleware;Permission;Programming environments;Resource management},
  doi={10.1109/SC.2005.30},
  month={Nov},
}

@INPROCEEDINGS{4362901,
  author={W. Binder and J. Hulaas and P. Moret},
  booktitle={Seventh IEEE International Working Conference on Source Code Analysis and Manipulation (SCAM 2007)},
  title={Reengineering Standard Java Runtime Systems through Dynamic Bytecode Instrumentation},
  year={2007},
  pages={91-100},
  keywords={Java;computer bootstrapping;software libraries;systems re-engineering;virtual machines;Java dynamic bytecode instrumentation;bootstrapping;context-sensitive profiling;standard Java runtime system reengineering;Code standards;Communication standards;Dynamic programming;Informatics;Instruments;Java;Libraries;Manipulator dynamics;Performance analysis;Runtime;JVM;Java;aspect-oriented programming;dynamic bytecode instrumentation;dynamic metrics;profiling;program transformations},
  doi={10.1109/SCAM.2007.20},
  month={Sept},
}

@ARTICLE{4292053,
  author={T. Harris and A. Cristal and O. S. Unsal and E. Ayguade and F. Gagliardi and B. Smith and M. Valero},
  journal={IEEE Micro},
  title={Transactional Memory: An Overview},
  year={2007},
  volume={27},
  number={3},
  pages={8-29},
  keywords={distributed shared memory systems;parallel programming;storage management;mainstream programming;multicore chip multiprocessors;parallel code modification;shared memory systems;transactional memory;Computer errors;Concurrent computing;Microprocessors;Multicore processing;Parallel processing;Programming profession;Protection;Scalability;Writing;memory architecture;multithreading;parallel programming;transactional memory},
  doi={10.1109/MM.2007.63},
  ISSN={0272-1732},
  month={May},
}

@INPROCEEDINGS{4032334,
  author={F. Pizlo and J. Vitek},
  booktitle={2006 27th IEEE International Real-Time Systems Symposium (RTSS'06)},
  title={An Emprical Evaluation of Memory Management Alternatives for Real-Time Java},
  year={2006},
  pages={35-46},
  keywords={Java;real-time systems;storage management;memory management;real-time Java;real-time garbage collection;real-time specification;scoped memory interface;usability;Aerospace electronics;Computational modeling;Delay;Java;Memory management;Real time systems;Safety;Throughput;Usability;Yarn},
  doi={10.1109/RTSS.2006.9},
  ISSN={1052-8725},
  month={Dec},
}

@INPROCEEDINGS{6392098,
  author={E. Aftandilian and R. Sauciuc and S. Priya and S. Krishnan},
  booktitle={2012 IEEE 12th International Working Conference on Source Code Analysis and Manipulation},
  title={Building Useful Program Analysis Tools Using an Extensible Java Compiler},
  year={2012},
  pages={14-23},
  keywords={Java;program compilers;program diagnostics;program testing;public domain software;Google-sized projects;JAR file sizes;Java IDE;Java dependencies;Thindex;ad-hoc fashion;ad-hoc tools;brittle technologies;customized tools;extensible Java compiler;program analysis tools;software companies;source-code analysis;testing load;third-party open-source extensible compiler;Buildings;Computer bugs;Google;Java;Libraries;Maintenance engineering;Testing;bug finding;compilers;dependency checking;indexing;static analysis},
  doi={10.1109/SCAM.2012.28},
  month={Sept},
}

@INPROCEEDINGS{821527,
  author={U. Erlingsson and F. B. Schneider},
  booktitle={DARPA Information Survivability Conference and Exposition, 2000. DISCEX '00. Proceedings},
  title={SASI enforcement of security policies: a retrospective},
  year={2000},
  volume={2},
  pages={287-295 vol.2},
  keywords={Java;automata theory;security of data;Intel x86;Java JVML;SASI enforcement;Security Automata SFI Implementation;object code;security policies;target system;Control systems;Costs;Electrical capacitance tomography;Government;Hardware;Operating systems;Prototypes;Read-write memory;Security;Switches},
  doi={10.1109/DISCEX.2000.821527},
  month={},
}

@INPROCEEDINGS{7467350,
  author={B. Mood and D. Gupta and H. Carter and K. Butler and P. Traynor},
  booktitle={2016 IEEE European Symposium on Security and Privacy (EuroS P)},
  title={Frigate: A Validated, Extensible, and Efficient Compiler and Interpreter for Secure Computation},
  year={2016},
  pages={112-127},
  keywords={data structures;program compilers;security of data;Frigate;circuit compilers;circuit interpreter;compiler design;compiler systems;internal compiler state;principled compiler;secure computation research;standard data structures;Generators;Logic gates;Program processors;Protocols;Standards;Testing;Wires;Compilers;Secure Computation},
  doi={10.1109/EuroSP.2016.20},
  month={March},
}
