@inproceedings{Marinov:2001:TNF:872023.872551,
  author = {Marinov, Darko and Khurshid, Sarfraz},
  title = {TestEra: A Novel Framework for Automated Testing of Java Programs},
  booktitle = {Proceedings of the 16th IEEE International Conference on Automated Software Engineering},
  series = {ASE '01},
  year = {2001},
  pages = {22--},
  url = {http://dl.acm.org/citation.cfm?id=872023.872551},
  acmid = {872551},
  publisher = {IEEE Computer Society},
  address = {Washington, DC, USA},
  review={artigo selecionado na revis√£o estruturada},
  really_refers_to_software={yes},
  contribution_weight={1},
  step={structured-review},
  conference={ASE},
}
