@inproceedings{Choi:2011:RRT:2103380.2103383,
  author = {Choi, Yongsuk and Choi, Jongmoo and Ha, Eunyong},
  title = {RTRP: Right Time Right Place Kernel Analysis Tool},
  booktitle = {Proceedings of the 2011 ACM Symposium on Research in Applied Computation},
  series = {RACS '11},
  year = {2011},
  isbn = {978-1-4503-1087-1},
  location = {Miami, Florida},
  pages = {7--12},
  numpages = {6},
  url = {http://doi.acm.org/10.1145/2103380.2103383},
  doi = {10.1145/2103380.2103383},
  acmid = {2103383},
  publisher = {ACM},
  address = {New York, NY, USA},
  keywords = {analysis tool, embedded Linux, instrumentation},
  review={não faz referência ao nome do software},
  really_refers_to_software={no},
}

@article{Song:2014:SDR:2714064.2660234,
  author = {Song, Linhai and Lu, Shan},
  title = {Statistical Debugging for Real-world Performance Problems},
  journal = {SIGPLAN Not.},
  issue_date = {October 2014},
  volume = {49},
  number = {10},
  month = oct,
  year = {2014},
  issn = {0362-1340},
  pages = {561--578},
  numpages = {18},
  url = {http://doi.acm.org/10.1145/2714064.2660234},
  doi = {10.1145/2714064.2660234},
  acmid = {2660234},
  publisher = {ACM},
  address = {New York, NY, USA},
  keywords = {empirical study, performance bugs, performance diagnosis, statistical debugging},
  review={não faz referência ao nome do software},
  really_refers_to_software={no},
}

@inproceedings{Song:2014:SDR:2660193.2660234,
  author = {Song, Linhai and Lu, Shan},
  title = {Statistical Debugging for Real-world Performance Problems},
  booktitle = {Proceedings of the 2014 ACM International Conference on Object Oriented Programming Systems Languages \& Applications},
  series = {OOPSLA '14},
  year = {2014},
  isbn = {978-1-4503-2585-1},
  location = {Portland, Oregon, USA},
  pages = {561--578},
  numpages = {18},
  url = {http://doi.acm.org/10.1145/2660193.2660234},
  doi = {10.1145/2660193.2660234},
  acmid = {2660234},
  publisher = {ACM},
  address = {New York, NY, USA},
  keywords = {empirical study, performance bugs, performance diagnosis, statistical debugging},
  review={item duplicado},
  really_refers_to_software={no},
}

@inproceedings{Song:2017:PDI:3097368.3097413,
  author = {Song, Linhai and Lu, Shan},
  title = {Performance Diagnosis for Inefficient Loops},
  booktitle = {Proceedings of the 39th International Conference on Software Engineering},
  series = {ICSE '17},
  year = {2017},
  isbn = {978-1-5386-3868-2},
  location = {Buenos Aires, Argentina},
  pages = {370--380},
  numpages = {11},
  url = {https://doi.org/10.1109/ICSE.2017.41},
  doi = {10.1109/ICSE.2017.41},
  acmid = {3097413},
  publisher = {IEEE Press},
  address = {Piscataway, NJ, USA},
  keywords = {debugging, loop inefficiency, performance diagnosis},
  review={não faz referência ao nome do software},
  really_refers_to_software={no},
}

@article{Zhang:2011:CDC:1961296.1950395,
  author = {Zhang, Wei and Lim, Junghee and Olichandran, Ramya and Scherpelz, Joel and Jin, Guoliang and Lu, Shan and Reps, Thomas},
  title = {ConSeq: Detecting Concurrency Bugs Through Sequential Errors},
  journal = {SIGPLAN Not.},
  issue_date = {March 2011},
  volume = {46},
  number = {3},
  month = mar,
  year = {2011},
  issn = {0362-1340},
  pages = {251--264},
  numpages = {14},
  url = {http://doi.acm.org/10.1145/1961296.1950395},
  doi = {10.1145/1961296.1950395},
  acmid = {1950395},
  publisher = {ACM},
  address = {New York, NY, USA},
  keywords = {concurrency bugs, software testing},
  review={não faz referência ao nome do software},
  really_refers_to_software={no},
}

@article{Zhang:2011:CDC:1961295.1950395,
  author = {Zhang, Wei and Lim, Junghee and Olichandran, Ramya and Scherpelz, Joel and Jin, Guoliang and Lu, Shan and Reps, Thomas},
  title = {ConSeq: Detecting Concurrency Bugs Through Sequential Errors},
  journal = {SIGARCH Comput. Archit. News},
  issue_date = {March 2011},
  volume = {39},
  number = {1},
  month = mar,
  year = {2011},
  issn = {0163-5964},
  pages = {251--264},
  numpages = {14},
  url = {http://doi.acm.org/10.1145/1961295.1950395},
  doi = {10.1145/1961295.1950395},
  acmid = {1950395},
  publisher = {ACM},
  address = {New York, NY, USA},
  keywords = {concurrency bugs, software testing},
  review={item duplicado},
  really_refers_to_software={no},
}

@inproceedings{Zhang:2011:CDC:1950365.1950395,
  author = {Zhang, Wei and Lim, Junghee and Olichandran, Ramya and Scherpelz, Joel and Jin, Guoliang and Lu, Shan and Reps, Thomas},
  title = {ConSeq: Detecting Concurrency Bugs Through Sequential Errors},
  booktitle = {Proceedings of the Sixteenth International Conference on Architectural Support for Programming Languages and Operating Systems},
  series = {ASPLOS XVI},
  year = {2011},
  isbn = {978-1-4503-0266-1},
  location = {Newport Beach, California, USA},
  pages = {251--264},
  numpages = {14},
  url = {http://doi.acm.org/10.1145/1950365.1950395},
  doi = {10.1145/1950365.1950395},
  acmid = {1950395},
  publisher = {ACM},
  address = {New York, NY, USA},
  keywords = {concurrency bugs, software testing},
  review={item duplicado},
  really_refers_to_software={no},
}

@article{Zhang:2011:CDC:2248487.1950395,
  author = {Zhang, Wei and Lim, Junghee and Olichandran, Ramya and Scherpelz, Joel and Jin, Guoliang and Lu, Shan and Reps, Thomas},
  title = {ConSeq: Detecting Concurrency Bugs Through Sequential Errors},
  journal = {SIGPLAN Not.},
  issue_date = {April 2012},
  volume = {47},
  number = {4},
  month = mar,
  year = {2011},
  issn = {0362-1340},
  pages = {251--264},
  numpages = {14},
  url = {http://doi.acm.org/10.1145/2248487.1950395},
  doi = {10.1145/2248487.1950395},
  acmid = {1950395},
  publisher = {ACM},
  address = {New York, NY, USA},
  keywords = {concurrency bugs, software testing},
  review={item duplicado},
  really_refers_to_software={no},
}

@inproceedings{Lee:2014:UIP:2632048.2636091,
  author = {Lee, Seokjun and Yoon, Chanmin and Cha, Hojung},
  title = {User Interaction-based Profiling System for Android Application Tuning},
  booktitle = {Proceedings of the 2014 ACM International Joint Conference on Pervasive and Ubiquitous Computing},
  series = {UbiComp '14},
  year = {2014},
  isbn = {978-1-4503-2968-2},
  location = {Seattle, Washington},
  pages = {289--299},
  numpages = {11},
  url = {http://doi.acm.org/10.1145/2632048.2636091},
  doi = {10.1145/2632048.2636091},
  acmid = {2636091},
  publisher = {ACM},
  address = {New York, NY, USA},
  keywords = {debugging, mobile application, profiling, tuning, user interaction, webbased framework},
  review={não faz referência ao nome do software},
  really_refers_to_software={no},
}

@inproceedings{Fonseca:2014:SEK:2685048.2685081,
  author = {Fonseca, Pedro and Rodrigues, Rodrigo and Brandenburg, Bj\"{o}rn B.},
  title = {SKI: Exposing Kernel Concurrency Bugs Through Systematic Schedule Exploration},
  booktitle = {Proceedings of the 11th USENIX Conference on Operating Systems Design and Implementation},
  series = {OSDI'14},
  year = {2014},
  isbn = {978-1-931971-16-4},
  location = {Broomfield, CO},
  pages = {415--431},
  numpages = {17},
  url = {http://dl.acm.org/citation.cfm?id=2685048.2685081},
  acmid = {2685081},
  publisher = {USENIX Association},
  address = {Berkeley, CA, USA},
  review={não faz referência ao nome do software},
  really_refers_to_software={no},
}
