@INPROCEEDINGS{7832918,
  author={D. Yang and A. Hussain and C. V. Lopes},
  booktitle={2016 IEEE/ACM 13th Working Conference on Mining Software Repositories (MSR)},
  title={From Query to Usable Code: An Analysis of Stack Overflow Code Snippets},
  year={2016},
  pages={391-401},
  keywords={C# language;Java;authoring languages;natural language processing;query processing;question answering (information retrieval);search engines;source code (software);C# language;Google search;Java language;JavaScript language;Python language;Stack Overflow code snippets;annotated snippets;automatic program generation;code-centric knowledge base;natural language annotations;natural language queries;natural language questions and answers;source code;text search engines;C# languages;Google;Java;Natural languages;Syntactics;Usability;Web search;automatic program generation;code mining},
  doi={10.1109/MSR.2016.047},
  month={May},
}

@INPROCEEDINGS{4536384,
  author={T. Xie and M. Acharya and S. Thummalapenta and K. Taneja},
  booktitle={2008 IEEE International Symposium on Parallel and Distributed Processing},
  title={Improving software reliability and productivity via mining program source code},
  year={2008},
  pages={1-5},
  keywords={application program interfaces;software development management;software libraries;software reliability;API library reuse;program source code mining;secure software;software productivity;software reliability;software system;third-party library;Computer errors;Computer science;Data mining;Documentation;Productivity;Programming;Robustness;Software libraries;Software reliability;Software systems},
  doi={10.1109/IPDPS.2008.4536384},
  ISSN={1530-2075},
  month={April},
}

@INPROCEEDINGS{6227205,
  author={A. T. Nguyen and T. T. Nguyen and H. A. Nguyen and A. Tamrawi and H. V. Nguyen and J. Al-Kofahi and T. N. Nguyen},
  booktitle={2012 34th International Conference on Software Engineering (ICSE)},
  title={Graph-based pattern-oriented, context-sensitive source code completion},
  year={2012},
  pages={69-79},
  keywords={application program interfaces;feature extraction;graph theory;software libraries;source coding;API elements;API usage patterns;GraPacc;code elements;context-free code templates;context-sensitive feature extraction;developer programming productivity improvement;graph-based pattern-oriented context-sensitive source code completion;single method call;software libraries;Context;Databases;Feature extraction;Graphical user interfaces;Layout;Libraries;Pattern matching;API usage pattern;pattern-based code completion},
  doi={10.1109/ICSE.2012.6227205},
  ISSN={0270-5257},
  month={June},
}

@INPROCEEDINGS{7582836,
  author={F. Thung},
  booktitle={2016 31st IEEE/ACM International Conference on Automated Software Engineering (ASE)},
  title={API recommendation system for software development},
  year={2016},
  pages={896-899},
  keywords={application program interfaces;recommender systems;software libraries;API libraries;API recommendation system;application programming interface;recall-rate;software development;textual description;Context;Databases;Feature extraction;History;Libraries;Software;Training;API;Library;Recommendation System},
  month={Sept},
}

@INPROCEEDINGS{6340209,
  author={I. Keivanloo and J. Rilling and P. Charland},
  booktitle={2012 IEEE 36th Annual Computer Software and Applications Conference},
  title={Semantic Web - The Missing Link in Global Source Code Analysis?},
  year={2012},
  pages={541-550},
  keywords={groupware;semantic Web;software engineering;source coding;Internet;collaborative development process;global source code analysis;missing link;semantic Web;software repositories;Analytical models;Context;Data mining;Ecosystems;Semantic Web;Semantics;Software;linked data;semantic web;source code analysis},
  doi={10.1109/COMPSAC.2012.73},
  ISSN={0730-3157},
  month={July},
}

@INPROCEEDINGS{5463346,
  author={J. Ossher and S. Bajracharya and C. Lopes},
  booktitle={2010 7th IEEE Working Conference on Mining Software Repositories (MSR 2010)},
  title={Automated dependency resolution for open source software},
  year={2010},
  pages={130-140},
  keywords={public domain software;software reusability;Sourcerer infrastructure;dependency resolution;open source code;open source software;search engines;software reuse;Costs;Data mining;Databases;Documentation;Java;Open source software;Performance analysis;Software libraries;Software tools;Uncertainty},
  doi={10.1109/MSR.2010.5463346},
  ISSN={2160-1852},
  month={May},
}

@INPROCEEDINGS{7886909,
  author={L. Ponzanelli and G. Bavota and A. Mocci and M. Di Penta and R. Oliveto and M. Hasan and B. Russo and S. Haiduc and M. Lanza},
  booktitle={2016 IEEE/ACM 38th International Conference on Software Engineering (ICSE)},
  title={Too Long; Didn't Watch! Extracting Relevant Fragments from Software Development Video Tutorials},
  year={2016},
  pages={261-272},
  keywords={data mining;software engineering;CodeTube;data mining;software development video tutorials;Data mining;Java;Optical character recognition software;Streaming media;Tutorials;YouTube},
  doi={10.1145/2884781.2884824},
  month={May},
}

@INPROCEEDINGS{7962379,
  author={M. Gharehyazie and B. Ray and V. Filkov},
  booktitle={2017 IEEE/ACM 14th International Conference on Mining Software Repositories (MSR)},
  title={Some from Here, Some from There: Cross-Project Code Reuse in GitHub},
  year={2017},
  pages={291-301},
  keywords={software reusability;source code (software);Deckard;GitHub;clone finding tool;code foraging;code sharing;cross-project cloning;cross-project code reuse;ecosystem cloning;onion model;project repositories;Cloning;Ecosystems;Encoding;Java;Software;Syntactics;Tools;GitHub;code reuse;cross-project clones},
  doi={10.1109/MSR.2017.15},
  month={May},
}

@INPROCEEDINGS{7180069,
  author={L. Martie and A. v. d. Hoek},
  booktitle={2015 IEEE/ACM 12th Working Conference on Mining Software Repositories},
  title={Sameness: An Experiment in Code Search},
  year={2015},
  pages={76-87},
  keywords={search engines;code search engines;code search ranking algorithms;Complexity theory;Data mining;Java;Libraries;Search engines;Thesauri;Code;concise;diversity;results;sameness;search;similarity;top ten},
  doi={10.1109/MSR.2015.15},
  ISSN={2160-1852},
  month={May},
}

@INPROCEEDINGS{6130704,
  author={L. W. Mar and Y. C. Wu and H. C. Jiau},
  booktitle={2011 18th Asia-Pacific Software Engineering Conference},
  title={Recommending Proper API Code Examples for Documentation Purpose},
  year={2011},
  pages={331-338},
  keywords={Java;application program interfaces;document handling;program compilers;query processing;search engines;API code examples;API developers;Eclipse JDT framework;PropER-Doc;application programming interface;code search engines;documentation purpose;queries;Application programming interfaces;Complexity theory;Documentation;Google;Java;Measurement;Organizations;API usage;code example;documentation;framework},
  doi={10.1109/APSEC.2011.18},
  ISSN={1530-1362},
  month={Dec},
}

@INPROCEEDINGS{7985653,
  author={L. Ponzanelli and S. Scalabrino and G. Bavota and A. Mocci and R. Oliveto and M. Di Penta and M. Lanza},
  booktitle={2017 IEEE/ACM 39th International Conference on Software Engineering (ICSE)},
  title={Supporting Software Developers with a Holistic Recommender System},
  year={2017},
  pages={94-105},
  keywords={Browsers;Navigation;Recommender systems;Uniform resource locators;User interfaces;Web pages;Web search;Mining unstructured data;Recommender systems},
  doi={10.1109/ICSE.2017.17},
  month={May},
}

@INPROCEEDINGS{6178874,
  author={L. Heinemann and V. Bauer and M. Herrmannsdoerfer and B. Hummel},
  booktitle={2012 16th European Conference on Software Maintenance and Reengineering},
  title={Identifier-Based Context-Dependent API Method Recommendation},
  year={2012},
  pages={31-40},
  keywords={Java;application program interfaces;programming environments;public domain software;recommender systems;software metrics;software reusability;Eclipse API;IDE;Java;code snippets;expected precision prediction;identifier-based context-dependent API method recommendation;metric;open source system;reuse recommendation system;Context;Data mining;Indexes;Java;Software systems;Vectors;data mining;identifier;recommendation system;software reuse},
  doi={10.1109/CSMR.2012.14},
  ISSN={1534-5351},
  month={March},
}

@INPROCEEDINGS{7884626,
  author={S. Proksch and S. Nadi and S. Amann and M. Mezini},
  booktitle={2017 IEEE 24th International Conference on Software Analysis, Evolution and Reengineering (SANER)},
  title={Enriching in-IDE process information with fine-grained source code history},
  year={2017},
  pages={250-260},
  keywords={programming environments;software tools;source code (software);CAâ–¡RET;FEEDBAG++;SSTs;code snapshots;context information;fine-grained source code history;in-IDE process information;simplified syntax trees;software development;version-control systems;visual studio instrumentation;Cognition;Context;History;Instruments;Software;Syntactics;Visualization},
  doi={10.1109/SANER.2017.7884626},
  month={Feb},
}

@INPROCEEDINGS{6394977,
  author={L. L. N. Silva Junior and T. N. Oliveira and A. Plastino and L. G. P. Murta},
  booktitle={2012 Sixth Brazilian Symposium on Software Components, Architectures and Reuse},
  title={Vertical Code Completion: Going Beyond the Current Ctrl+Space},
  year={2012},
  pages={81-90},
  keywords={data mining;educational administrative data processing;program compilers;software maintenance;source coding;system documentation;Eclipse IDE;academic management system;data mining;documentation data;relevant knowledge extraction;sequential pattern mining;software development;software maintenance;source code repository;vertical code completion;Computer architecture;Context;Data mining;Documentation;Java;Software;Unified modeling language;Code Completion;Sequential Pattern Mining;Software Maintenance},
  doi={10.1109/SBCARS.2012.22},
  month={Sept},
}

@INPROCEEDINGS{6019877,
  author={S. Khatoon and A. Mahmood and G. Li},
  booktitle={2011 Eighth International Conference on Fuzzy Systems and Knowledge Discovery (FSKD)},
  title={An evaluation of source code mining techniques},
  year={2011},
  volume={3},
  pages={1929-1933},
  keywords={application program interfaces;data mining;program debugging;reviews;software reusability;API usage;bug detection;copy paste code segment;data mining method;programming rule;quality software development;source code mining technique;Cloning;Computer bugs;Context;Data mining;Programming;Software;Software engineering;API usage;Copy-paste code;Programming rule;Source code mining;literature review},
  doi={10.1109/FSKD.2011.6019877},
  month={July},
}

@INPROCEEDINGS{4656401,
  author={T. Ishio and H. Date and T. Miyake and K. Inoue},
  booktitle={2008 15th Working Conference on Reverse Engineering},
  title={Mining Coding Patterns to Detect Crosscutting Concerns in Java Programs},
  year={2008},
  pages={123-132},
  keywords={Java;data mining;program interpreters;public domain software;software maintenance;software tools;Fung pattern mining tool;Java source code translation;copy-and-pasted code;crosscutting concern detection;duplicated code fragment;frequent method call sequence;open source Java program;prefixspan algorithm;sequence database;sequential coding pattern mining;software maintenance;Cloning;Code standards;Databases;Java;Large-scale systems;Open source software;Reverse engineering;Software maintenance;Software standards;Standards development;Aspect Mining;Java;Sequential Pattern Mining;Software Maintenance;Static Analysis},
  doi={10.1109/WCRE.2008.28},
  ISSN={1095-1350},
  month={Oct},
}

@INPROCEEDINGS{6624012,
  author={S. Subramanian and R. Holmes},
  booktitle={2013 10th Working Conference on Mining Software Repositories (MSR)},
  title={Making sense of online code snippets},
  year={2013},
  pages={85-88},
  keywords={Linux;Web sites;application program interfaces;information retrieval;software quality;Android API;Stack Overflow code snippets;code blocks;high-quality source code snippets;method calls;online code snippets;plain text;snippet structural qualities;surface snippet search;type references;Androids;Data mining;Documentation;Educational institutions;Humanoid robots;Java;Libraries},
  doi={10.1109/MSR.2013.6624012},
  ISSN={2160-1852},
  month={May},
}

@INPROCEEDINGS{6615197,
  author={T. Xie},
  booktitle={2013 2nd International Workshop on Realizing Artificial Intelligence Synergies in Software Engineering (RAISE)},
  title={The synergy of human and artificial intelligence in software engineering},
  year={2013},
  pages={4-6},
  keywords={artificial intelligence;software engineering;AI techniques;artificial intelligence;continuous feedback loop;cooperative analysis;cooperative testing;domain knowledge;human efforts;human intelligence;human-assisted computing;human-centric computing;human-human cooperation;human-tool cooperation;software engineering;software-engineering activity;synergy;user feedback;Artificial intelligence;Data mining;Debugging;Feedback loop;Software;Software engineering;Testing},
  doi={10.1109/RAISE.2013.6615197},
  month={May},
}

@INPROCEEDINGS{6671293,
  author={F. Thung and D. Lo and J. Lawall},
  booktitle={2013 20th Working Conference on Reverse Engineering (WCRE)},
  title={Automated library recommendation},
  year={2013},
  pages={182-191},
  keywords={collaborative filtering;data mining;software reliability;association rule mining;automated library recommendation;collaborative filtering;recall rate;software projects;software reliability;third-party libraries;Association rules;Collaboration;Feature extraction;Generators;Itemsets;Libraries},
  doi={10.1109/WCRE.2013.6671293},
  ISSN={1095-1350},
  month={Oct},
}

@INPROCEEDINGS{7181463,
  author={V. Amintabar and A. Heydarnoori and M. Ghafari},
  booktitle={2015 IEEE 23rd International Conference on Program Comprehension},
  title={ExceptionTracer: A Solution Recommender for Exceptions in an Integrated Development Environment},
  year={2015},
  pages={299-302},
  keywords={Java;data mining;recommender systems;ExceptionTracer;Java programs;integrated development environment;software systems mining;solution recommender;source forge;stack overflow;stack trace;Context;Data mining;Databases;Java;Libraries;Software;Software engineering;ExceptionTracer;Fixing Exceptions;Recommender System;SourceForge;StackOverflow},
  doi={10.1109/ICPC.2015.45},
  ISSN={1092-8138},
  month={May},
}
