@INPROCEEDINGS{1342733,
  author={M. B. Dwyer and Robby and O. Tkachuk and W. Visser},
  booktitle={Proceedings. 19th International Conference on Automated Software Engineering, 2004.},
  title={Analyzing interaction orderings with model checking},
  year={2004},
  pages={154-163},
  keywords={Java;graphical user interfaces;human computer interaction;program diagnostics;program verification;GUI implementation;HCI systems;Java language;Swing library;graphic user interface;human-computer interaction systems control;interaction ordering;live-subject testing;model checking;software-intensive systems;static analysis;system prototyping;user-interaction properties;Computer graphics;Control systems;Graphical user interfaces;Human computer interaction;Java;Prototypes;Software prototyping;System testing;Usability;User interfaces},
  doi={10.1109/ASE.2004.1342733},
  ISSN={1938-4300},
  month={Sept},
  review={utiliza o software para realizar análise de dados, os autores utilizaram a ferramenta em trabalhos anteriores, descreve bem a ferramenta e indica site do projeto},
  really_refers_to_software={yes},
  contribution_weight={0.25},
}

@INPROCEEDINGS{4463694,
  author={V. Mutilin},
  booktitle={Second International Symposium on Leveraging Applications of Formal Methods, Verification and Validation (isola 2006)},
  title={Concurrent Testing of Java Components Using Java PathFinder},
  year={2006},
  pages={53-59},
  keywords={Java;multiprocessing systems;program testing;Java PathFinder;Java components;concurrent systems;concurrent testing;model checking techniques;Application software;Computer languages;Formal specifications;Interleaved codes;Java;Software testing;State-space methods;System testing;Virtual machining;Yarn},
  doi={10.1109/ISoLA.2006.53},
  month={Nov},
  review={cita o software como trabalho relacionado},
  really_refers_to_software={yes},
  contribution_weight={0.1},
}

@INPROCEEDINGS{1240300,
  author={O. Tkachuk and M. B. Dwyer and C. S. Pasareanu},
  booktitle={18th IEEE International Conference on Automated Software Engineering, 2003. Proceedings.},
  title={Automated environment generation for software model checking},
  year={2003},
  pages={116-127},
  keywords={Java;compiler generators;formal specification;open systems;program verification;software architecture;BEG;Bandera environment generator;Java program fragments;automated environment generation;environment modeling;nontrivial concurrent programs;open systems;software model checking;sound abstractions;tractable verification;Computational Intelligence Society;Context modeling;Costs;Independent component analysis;Java;NASA;Open systems;Software systems;Space technology;Yarn},
  doi={10.1109/ASE.2003.1240300},
  ISSN={1938-4300},
  month={Oct},
  review={é o mesmo artigo que publicou o software},
  really_refers_to_software={yes},
  contribution_weight={1},
  step={study1},
}

@ARTICLE{5487640,
  author={O. Tkachuk and M. B. Dwyer},
  journal={IET Software},
  title={Environment generation for validating event-driven software using model checking},
  year={2010},
  volume={4},
  number={3},
  pages={194-209},
  keywords={Internet;graphical user interfaces;program testing;program verification;Web-based applications;Web-based services;bandera environment generator;business logic;distributed programs;environment generation;event-driven software validation;graphical user interfaces;interface software;software model checking techniques;storage tier functionality},
  doi={10.1049/iet-sen.2009.0017},
  ISSN={1751-8806},
  month={June},
  review={usou o software num experimento para análise de dados, detalha bastante o software, usaram o software em trabalhos anteriores, extende o software para lidar com bibliotecas J2EE},
  really_refers_to_software={yes},
  contribution_weight={0.5},
}

@INPROCEEDINGS{4301067,
  author={P. Parizek and F. Plasil},
  booktitle={33rd EUROMICRO Conference on Software Engineering and Advanced Applications (EUROMICRO 2007)},
  title={Partial Verification of Software Components: Heuristics for Environment Construction},
  year={2007},
  pages={75-82},
  keywords={Java;object-oriented programming;program verification;Java PathFinder;code model checking;environment construction;partial verification;software component;state explosion problem;static analysis;Concurrent computing;Explosions;Java;Mathematics;Object oriented modeling;Parallel processing;Physics;Protocols;Software engineering;State-space methods;Java PathFinder;concurrency errors;model checking;software components;static analysis},
  doi={10.1109/EUROMICRO.2007.46},
  ISSN={1089-6503},
  month={Aug},
  review={cita o software como trabalho relacionado},
  really_refers_to_software={yes},
  contribution_weight={0.1},
}

@ARTICLE{5487641,
  author={P. Parizek and F. Plasil},
  journal={IET Software},
  title={Assume-guarantee verification of software components in SOFA 2 framework},
  year={2010},
  volume={4},
  number={3},
  pages={210-211},
  keywords={Java;formal verification;Java;Java PathFinder model checker;SOFA 2 framework;assume-guarantee reasoning;assume-guarantee verification;compositional model checking;software components},
  doi={10.1049/iet-sen.2009.0016},
  ISSN={1751-8806},
  month={June},
  review={cita o software como trabalho relacionado},
  really_refers_to_software={yes},
  contribution_weight={0.1},
}
